[{"offer_id":"2010598024","offer":"parturient montes nascetur ridiculus","category":"specials","offer_date":"5/30/2021","ratings":4,"total_bookings":236,"total_revenue":91958},
{"offer_id":"0126806551","offer":"a odio in hac","category":"specials","offer_date":"10/6/2021","ratings":1,"total_bookings":374,"total_revenue":83016},
{"offer_id":"4596483205","offer":"lacus at velit vivamus vel","category":"events","offer_date":"8/15/2021","ratings":5,"total_bookings":17,"total_revenue":10421},
{"offer_id":"1164486047","offer":"ac diam cras","category":"openings","offer_date":"7/21/2021","ratings":2,"total_bookings":986,"total_revenue":6828},
{"offer_id":"2176269233","offer":"platea dictumst aliquam augue","category":"specials","offer_date":"12/27/2021","ratings":3,"total_bookings":162,"total_revenue":18437},
{"offer_id":"2215801433","offer":"sapien iaculis congue vivamus metus","category":"openings","offer_date":"2/24/2022","ratings":4,"total_bookings":923,"total_revenue":34153},
{"offer_id":"5757214465","offer":"purus sit amet nulla","category":"specials","offer_date":"2/10/2022","ratings":3,"total_bookings":897,"total_revenue":61820},
{"offer_id":"9423015670","offer":"non mattis pulvinar nulla pede","category":"events","offer_date":"4/20/2022","ratings":1,"total_bookings":302,"total_revenue":85931},
{"offer_id":"3859019112","offer":"quam a odio","category":"openings","offer_date":"12/24/2021","ratings":1,"total_bookings":96,"total_revenue":72976},
{"offer_id":"2336672421","offer":"quis orci eget orci","category":"events","offer_date":"3/15/2022","ratings":1,"total_bookings":401,"total_revenue":16062},
{"offer_id":"3099859176","offer":"sagittis nam congue risus semper","category":"openings","offer_date":"2/9/2022","ratings":4,"total_bookings":690,"total_revenue":7659},
{"offer_id":"0081853947","offer":"maecenas ut massa","category":"specials","offer_date":"1/27/2022","ratings":5,"total_bookings":281,"total_revenue":31402},
{"offer_id":"7257550840","offer":"ipsum integer a nibh","category":"specials","offer_date":"8/24/2021","ratings":4,"total_bookings":748,"total_revenue":57722},
{"offer_id":"8227630294","offer":"odio odio elementum eu interdum","category":"events","offer_date":"11/16/2021","ratings":2,"total_bookings":682,"total_revenue":13533},
{"offer_id":"7459044563","offer":"mattis egestas metus aenean fermentum","category":"specials","offer_date":"3/17/2022","ratings":2,"total_bookings":556,"total_revenue":8158},
{"offer_id":"7343717421","offer":"mattis odio donec","category":"openings","offer_date":"11/25/2021","ratings":1,"total_bookings":352,"total_revenue":12408},
{"offer_id":"6094937384","offer":"mi nulla ac","category":"openings","offer_date":"8/17/2021","ratings":1,"total_bookings":89,"total_revenue":69462},
{"offer_id":"1931760268","offer":"enim blandit mi in porttitor","category":"events","offer_date":"10/20/2021","ratings":2,"total_bookings":850,"total_revenue":84098},
{"offer_id":"9529533535","offer":"felis eu sapien cursus vestibulum","category":"openings","offer_date":"11/5/2021","ratings":1,"total_bookings":683,"total_revenue":81835},
{"offer_id":"3496644583","offer":"ante ipsum primis in faucibus","category":"openings","offer_date":"4/29/2022","ratings":2,"total_bookings":724,"total_revenue":47919},
{"offer_id":"3379238104","offer":"libero non mattis pulvinar nulla","category":"specials","offer_date":"4/26/2022","ratings":2,"total_bookings":36,"total_revenue":34500},
{"offer_id":"1486477062","offer":"euismod scelerisque quam turpis","category":"specials","offer_date":"5/25/2021","ratings":5,"total_bookings":454,"total_revenue":42609},
{"offer_id":"9862335858","offer":"vivamus metus arcu","category":"openings","offer_date":"3/5/2022","ratings":1,"total_bookings":31,"total_revenue":66727},
{"offer_id":"7521844297","offer":"varius integer ac leo","category":"openings","offer_date":"2/27/2022","ratings":2,"total_bookings":650,"total_revenue":98019},
{"offer_id":"1971545996","offer":"sapien placerat ante nulla","category":"specials","offer_date":"10/2/2021","ratings":2,"total_bookings":708,"total_revenue":40622},
{"offer_id":"2303128900","offer":"duis aliquam convallis","category":"openings","offer_date":"5/11/2021","ratings":5,"total_bookings":716,"total_revenue":8123},
{"offer_id":"8332250293","offer":"vestibulum sagittis sapien cum sociis","category":"specials","offer_date":"11/30/2021","ratings":4,"total_bookings":704,"total_revenue":52178},
{"offer_id":"4749052183","offer":"volutpat dui maecenas tristique","category":"specials","offer_date":"8/19/2021","ratings":1,"total_bookings":790,"total_revenue":97977},
{"offer_id":"0080392164","offer":"ut massa volutpat convallis morbi","category":"specials","offer_date":"7/27/2021","ratings":1,"total_bookings":983,"total_revenue":47169},
{"offer_id":"0320593444","offer":"quis turpis eget","category":"specials","offer_date":"12/4/2021","ratings":5,"total_bookings":600,"total_revenue":30633},
{"offer_id":"8549541702","offer":"vulputate luctus cum","category":"specials","offer_date":"4/11/2022","ratings":1,"total_bookings":972,"total_revenue":43524},
{"offer_id":"2422890024","offer":"condimentum neque sapien","category":"specials","offer_date":"5/26/2021","ratings":2,"total_bookings":858,"total_revenue":26032},
{"offer_id":"3319560492","offer":"accumsan tellus nisi eu orci","category":"specials","offer_date":"4/23/2022","ratings":4,"total_bookings":379,"total_revenue":65877},
{"offer_id":"3191598596","offer":"est phasellus sit amet","category":"specials","offer_date":"12/7/2021","ratings":2,"total_bookings":79,"total_revenue":20853},
{"offer_id":"3910737048","offer":"ac nibh fusce lacus purus","category":"openings","offer_date":"10/25/2021","ratings":5,"total_bookings":582,"total_revenue":90589},
{"offer_id":"2367126089","offer":"nunc rhoncus dui vel","category":"openings","offer_date":"2/5/2022","ratings":5,"total_bookings":977,"total_revenue":37977},
{"offer_id":"4435946262","offer":"erat quisque erat eros","category":"specials","offer_date":"4/1/2022","ratings":5,"total_bookings":710,"total_revenue":47314},
{"offer_id":"0232620695","offer":"consequat morbi a","category":"openings","offer_date":"3/6/2022","ratings":1,"total_bookings":59,"total_revenue":56672},
{"offer_id":"9219947668","offer":"mauris sit amet","category":"events","offer_date":"5/4/2021","ratings":4,"total_bookings":839,"total_revenue":76786},
{"offer_id":"4484010410","offer":"in lectus pellentesque at nulla","category":"specials","offer_date":"9/8/2021","ratings":3,"total_bookings":329,"total_revenue":29349},
{"offer_id":"9177746252","offer":"eu orci mauris","category":"openings","offer_date":"9/22/2021","ratings":4,"total_bookings":849,"total_revenue":55893},
{"offer_id":"3459976454","offer":"interdum mauris non","category":"events","offer_date":"9/3/2021","ratings":1,"total_bookings":31,"total_revenue":31705},
{"offer_id":"1148056815","offer":"augue vel accumsan tellus","category":"events","offer_date":"8/8/2021","ratings":1,"total_bookings":460,"total_revenue":4130},
{"offer_id":"6697662263","offer":"leo odio condimentum","category":"specials","offer_date":"1/14/2022","ratings":2,"total_bookings":690,"total_revenue":98153},
{"offer_id":"3440587266","offer":"sapien dignissim vestibulum vestibulum ante","category":"openings","offer_date":"9/3/2021","ratings":1,"total_bookings":246,"total_revenue":52360},
{"offer_id":"8053084192","offer":"risus praesent lectus","category":"specials","offer_date":"2/12/2022","ratings":5,"total_bookings":932,"total_revenue":26816},
{"offer_id":"8280904522","offer":"ut suscipit a","category":"events","offer_date":"2/19/2022","ratings":1,"total_bookings":975,"total_revenue":5652},
{"offer_id":"7390351721","offer":"id turpis integer aliquet","category":"specials","offer_date":"6/30/2021","ratings":3,"total_bookings":169,"total_revenue":62645},
{"offer_id":"4999085151","offer":"etiam faucibus cursus urna","category":"events","offer_date":"1/29/2022","ratings":1,"total_bookings":195,"total_revenue":94516},
{"offer_id":"2017395129","offer":"non quam nec","category":"events","offer_date":"8/24/2021","ratings":3,"total_bookings":349,"total_revenue":84294},
{"offer_id":"1063969263","offer":"amet justo morbi ut odio","category":"openings","offer_date":"7/8/2021","ratings":2,"total_bookings":45,"total_revenue":20829},
{"offer_id":"9053469028","offer":"nam ultrices libero non","category":"specials","offer_date":"1/18/2022","ratings":2,"total_bookings":802,"total_revenue":82522},
{"offer_id":"4732200281","offer":"nec sem duis aliquam convallis","category":"openings","offer_date":"6/6/2021","ratings":2,"total_bookings":794,"total_revenue":22329},
{"offer_id":"3276126923","offer":"integer ac leo pellentesque","category":"openings","offer_date":"10/3/2021","ratings":4,"total_bookings":743,"total_revenue":56892},
{"offer_id":"3057951236","offer":"ac leo pellentesque ultrices mattis","category":"specials","offer_date":"6/10/2021","ratings":1,"total_bookings":733,"total_revenue":69750},
{"offer_id":"0187315876","offer":"duis ac nibh fusce","category":"events","offer_date":"5/28/2021","ratings":5,"total_bookings":455,"total_revenue":3886},
{"offer_id":"6366253595","offer":"ligula nec sem","category":"openings","offer_date":"2/4/2022","ratings":5,"total_bookings":862,"total_revenue":64485},
{"offer_id":"8753026985","offer":"id consequat in consequat ut","category":"events","offer_date":"10/23/2021","ratings":1,"total_bookings":623,"total_revenue":20396},
{"offer_id":"9588867657","offer":"mus etiam vel augue vestibulum","category":"openings","offer_date":"2/5/2022","ratings":3,"total_bookings":395,"total_revenue":85908},
{"offer_id":"6902009619","offer":"ante ipsum primis","category":"specials","offer_date":"9/30/2021","ratings":3,"total_bookings":897,"total_revenue":97645},
{"offer_id":"8168330161","offer":"sed augue aliquam erat volutpat","category":"events","offer_date":"2/12/2022","ratings":3,"total_bookings":707,"total_revenue":6268},
{"offer_id":"9510511366","offer":"nascetur ridiculus mus vivamus","category":"specials","offer_date":"9/14/2021","ratings":2,"total_bookings":185,"total_revenue":99610},
{"offer_id":"7909329032","offer":"posuere metus vitae ipsum aliquam","category":"events","offer_date":"1/14/2022","ratings":2,"total_bookings":127,"total_revenue":54852},
{"offer_id":"8379921720","offer":"curae nulla dapibus dolor","category":"events","offer_date":"2/28/2022","ratings":1,"total_bookings":421,"total_revenue":34655},
{"offer_id":"6729142340","offer":"metus aenean fermentum","category":"specials","offer_date":"2/10/2022","ratings":5,"total_bookings":361,"total_revenue":87972},
{"offer_id":"0355053837","offer":"congue elementum in hac","category":"events","offer_date":"12/16/2021","ratings":4,"total_bookings":305,"total_revenue":20908},
{"offer_id":"3131335882","offer":"odio elementum eu interdum eu","category":"events","offer_date":"8/15/2021","ratings":2,"total_bookings":55,"total_revenue":12190},
{"offer_id":"9902006744","offer":"volutpat sapien arcu sed augue","category":"openings","offer_date":"2/7/2022","ratings":4,"total_bookings":902,"total_revenue":30019},
{"offer_id":"8655618071","offer":"lectus aliquam sit","category":"specials","offer_date":"2/9/2022","ratings":5,"total_bookings":881,"total_revenue":84644},
{"offer_id":"0735476993","offer":"sapien dignissim vestibulum vestibulum","category":"specials","offer_date":"12/23/2021","ratings":5,"total_bookings":548,"total_revenue":56928},
{"offer_id":"6798962351","offer":"aliquet pulvinar sed nisl","category":"events","offer_date":"4/29/2022","ratings":1,"total_bookings":158,"total_revenue":17820},
{"offer_id":"3845551569","offer":"donec vitae nisi nam","category":"specials","offer_date":"2/14/2022","ratings":2,"total_bookings":310,"total_revenue":84562},
{"offer_id":"7021183348","offer":"volutpat eleifend donec ut","category":"specials","offer_date":"3/31/2022","ratings":3,"total_bookings":446,"total_revenue":15495},
{"offer_id":"2090417234","offer":"in purus eu magna vulputate","category":"events","offer_date":"12/23/2021","ratings":4,"total_bookings":685,"total_revenue":57199},
{"offer_id":"5678331000","offer":"dictumst morbi vestibulum","category":"specials","offer_date":"9/19/2021","ratings":5,"total_bookings":562,"total_revenue":98266},
{"offer_id":"5991311846","offer":"et eros vestibulum ac","category":"specials","offer_date":"7/23/2021","ratings":2,"total_bookings":91,"total_revenue":93788},
{"offer_id":"9772032325","offer":"lacus curabitur at ipsum","category":"events","offer_date":"8/21/2021","ratings":5,"total_bookings":631,"total_revenue":9608},
{"offer_id":"8431029048","offer":"vivamus tortor duis","category":"openings","offer_date":"7/16/2021","ratings":4,"total_bookings":302,"total_revenue":31500},
{"offer_id":"2241826820","offer":"egestas metus aenean fermentum donec","category":"events","offer_date":"4/17/2022","ratings":5,"total_bookings":146,"total_revenue":63400},
{"offer_id":"3025652594","offer":"condimentum id luctus nec","category":"events","offer_date":"1/11/2022","ratings":5,"total_bookings":975,"total_revenue":94600},
{"offer_id":"5344014228","offer":"eget eleifend luctus ultricies eu","category":"specials","offer_date":"8/29/2021","ratings":5,"total_bookings":281,"total_revenue":12213},
{"offer_id":"5593497168","offer":"lectus pellentesque eget nunc","category":"specials","offer_date":"6/15/2021","ratings":4,"total_bookings":711,"total_revenue":74362},
{"offer_id":"1175674532","offer":"sapien a libero","category":"specials","offer_date":"10/11/2021","ratings":5,"total_bookings":890,"total_revenue":17571},
{"offer_id":"5240719322","offer":"praesent lectus vestibulum","category":"specials","offer_date":"2/12/2022","ratings":1,"total_bookings":24,"total_revenue":23558},
{"offer_id":"2133461205","offer":"dui maecenas tristique est et","category":"specials","offer_date":"2/2/2022","ratings":2,"total_bookings":123,"total_revenue":6210},
{"offer_id":"1129021335","offer":"vulputate vitae nisl aenean","category":"specials","offer_date":"1/5/2022","ratings":1,"total_bookings":963,"total_revenue":78146},
{"offer_id":"9295396685","offer":"nibh ligula nec sem","category":"events","offer_date":"11/4/2021","ratings":1,"total_bookings":546,"total_revenue":16282},
{"offer_id":"8672083202","offer":"sagittis dui vel nisl","category":"events","offer_date":"2/3/2022","ratings":5,"total_bookings":264,"total_revenue":51696},
{"offer_id":"6817218152","offer":"pellentesque volutpat dui maecenas","category":"events","offer_date":"1/30/2022","ratings":1,"total_bookings":896,"total_revenue":59314},
{"offer_id":"2185225588","offer":"feugiat non pretium quis","category":"specials","offer_date":"6/9/2021","ratings":4,"total_bookings":256,"total_revenue":83648},
{"offer_id":"4423557673","offer":"lacus purus aliquet at feugiat","category":"specials","offer_date":"10/18/2021","ratings":4,"total_bookings":150,"total_revenue":74653},
{"offer_id":"7883316133","offer":"ut at dolor quis","category":"specials","offer_date":"7/5/2021","ratings":1,"total_bookings":86,"total_revenue":63104},
{"offer_id":"6849489771","offer":"ultricies eu nibh quisque","category":"specials","offer_date":"10/4/2021","ratings":3,"total_bookings":936,"total_revenue":81061},
{"offer_id":"1312540885","offer":"duis mattis egestas metus","category":"openings","offer_date":"6/11/2021","ratings":4,"total_bookings":10,"total_revenue":8491},
{"offer_id":"2752563108","offer":"dui maecenas tristique est","category":"openings","offer_date":"9/1/2021","ratings":5,"total_bookings":151,"total_revenue":1396},
{"offer_id":"2889283143","offer":"turpis a pede posuere","category":"specials","offer_date":"8/15/2021","ratings":4,"total_bookings":336,"total_revenue":92934},
{"offer_id":"0217579043","offer":"placerat praesent blandit nam nulla","category":"openings","offer_date":"5/18/2021","ratings":1,"total_bookings":614,"total_revenue":66691},
{"offer_id":"2388275598","offer":"duis bibendum morbi non quam","category":"events","offer_date":"9/6/2021","ratings":3,"total_bookings":895,"total_revenue":26502},
{"offer_id":"8860857805","offer":"lobortis est phasellus","category":"events","offer_date":"1/31/2022","ratings":2,"total_bookings":228,"total_revenue":9864},
{"offer_id":"7120664727","offer":"suspendisse potenti cras in purus","category":"specials","offer_date":"10/30/2021","ratings":1,"total_bookings":259,"total_revenue":10886},
{"offer_id":"8408355139","offer":"velit nec nisi vulputate","category":"openings","offer_date":"6/30/2021","ratings":3,"total_bookings":51,"total_revenue":59059},
{"offer_id":"9816619512","offer":"mauris viverra diam vitae quam","category":"specials","offer_date":"11/19/2021","ratings":4,"total_bookings":972,"total_revenue":92848},
{"offer_id":"3570610403","offer":"nisi venenatis tristique fusce","category":"specials","offer_date":"12/13/2021","ratings":2,"total_bookings":445,"total_revenue":1548},
{"offer_id":"2482536154","offer":"platea dictumst etiam","category":"openings","offer_date":"8/5/2021","ratings":1,"total_bookings":181,"total_revenue":15325},
{"offer_id":"5307709358","offer":"sapien quis libero nullam sit","category":"events","offer_date":"2/4/2022","ratings":3,"total_bookings":719,"total_revenue":84265},
{"offer_id":"3340922004","offer":"turpis a pede","category":"specials","offer_date":"3/10/2022","ratings":2,"total_bookings":560,"total_revenue":78041},
{"offer_id":"5389060997","offer":"montes nascetur ridiculus mus vivamus","category":"openings","offer_date":"8/21/2021","ratings":5,"total_bookings":617,"total_revenue":83310},
{"offer_id":"7416706327","offer":"placerat praesent blandit nam nulla","category":"specials","offer_date":"10/11/2021","ratings":1,"total_bookings":336,"total_revenue":90312},
{"offer_id":"4116098035","offer":"amet lobortis sapien","category":"events","offer_date":"3/8/2022","ratings":4,"total_bookings":129,"total_revenue":64460},
{"offer_id":"2007795205","offer":"magna at nunc commodo","category":"events","offer_date":"10/27/2021","ratings":1,"total_bookings":515,"total_revenue":8312},
{"offer_id":"5889020129","offer":"eget tincidunt eget","category":"events","offer_date":"5/19/2021","ratings":3,"total_bookings":854,"total_revenue":23649},
{"offer_id":"4521993575","offer":"venenatis turpis enim","category":"specials","offer_date":"12/21/2021","ratings":2,"total_bookings":972,"total_revenue":95561},
{"offer_id":"7673899221","offer":"vulputate luctus cum sociis natoque","category":"specials","offer_date":"6/14/2021","ratings":3,"total_bookings":969,"total_revenue":40573},
{"offer_id":"7146568148","offer":"nisl duis ac nibh","category":"openings","offer_date":"10/5/2021","ratings":3,"total_bookings":881,"total_revenue":2705},
{"offer_id":"1530764505","offer":"quam sollicitudin vitae consectetuer","category":"specials","offer_date":"8/16/2021","ratings":5,"total_bookings":688,"total_revenue":76833},
{"offer_id":"5948818403","offer":"vitae consectetuer eget rutrum at","category":"openings","offer_date":"1/11/2022","ratings":5,"total_bookings":180,"total_revenue":71219},
{"offer_id":"5214940793","offer":"quisque ut erat curabitur gravida","category":"openings","offer_date":"7/27/2021","ratings":4,"total_bookings":661,"total_revenue":89977},
{"offer_id":"9188880869","offer":"habitasse platea dictumst etiam faucibus","category":"events","offer_date":"4/26/2022","ratings":5,"total_bookings":137,"total_revenue":55051},
{"offer_id":"5824211620","offer":"id ornare imperdiet sapien urna","category":"specials","offer_date":"9/16/2021","ratings":4,"total_bookings":637,"total_revenue":68289},
{"offer_id":"7002892991","offer":"laoreet ut rhoncus","category":"openings","offer_date":"7/12/2021","ratings":5,"total_bookings":507,"total_revenue":14686},
{"offer_id":"8614127502","offer":"quis lectus suspendisse potenti","category":"openings","offer_date":"12/23/2021","ratings":5,"total_bookings":657,"total_revenue":7514},
{"offer_id":"2194325913","offer":"turpis adipiscing lorem vitae mattis","category":"specials","offer_date":"12/30/2021","ratings":5,"total_bookings":7,"total_revenue":74028},
{"offer_id":"8834717236","offer":"sapien placerat ante","category":"openings","offer_date":"2/13/2022","ratings":2,"total_bookings":872,"total_revenue":77735},
{"offer_id":"8304799332","offer":"fusce lacus purus aliquet at","category":"events","offer_date":"11/5/2021","ratings":4,"total_bookings":43,"total_revenue":12618},
{"offer_id":"5015308396","offer":"justo morbi ut odio cras","category":"events","offer_date":"7/24/2021","ratings":5,"total_bookings":761,"total_revenue":49387},
{"offer_id":"8647746716","offer":"mattis egestas metus","category":"openings","offer_date":"2/15/2022","ratings":1,"total_bookings":669,"total_revenue":2207},
{"offer_id":"3018362977","offer":"lobortis vel dapibus at","category":"openings","offer_date":"8/26/2021","ratings":2,"total_bookings":953,"total_revenue":1888},
{"offer_id":"7996400253","offer":"vel nulla eget eros elementum","category":"events","offer_date":"2/10/2022","ratings":4,"total_bookings":758,"total_revenue":24087},
{"offer_id":"5356584296","offer":"non velit donec","category":"events","offer_date":"6/26/2021","ratings":3,"total_bookings":398,"total_revenue":25407},
{"offer_id":"8659675770","offer":"sapien arcu sed augue aliquam","category":"openings","offer_date":"3/15/2022","ratings":1,"total_bookings":544,"total_revenue":82993},
{"offer_id":"6051793054","offer":"nulla ultrices aliquet","category":"openings","offer_date":"7/22/2021","ratings":1,"total_bookings":528,"total_revenue":76619},
{"offer_id":"4388510343","offer":"odio justo sollicitudin ut","category":"openings","offer_date":"9/15/2021","ratings":3,"total_bookings":753,"total_revenue":51630},
{"offer_id":"9215368329","offer":"erat curabitur gravida nisi at","category":"specials","offer_date":"11/23/2021","ratings":4,"total_bookings":132,"total_revenue":18985},
{"offer_id":"4365313177","offer":"maecenas rhoncus aliquam lacus morbi","category":"openings","offer_date":"3/27/2022","ratings":2,"total_bookings":697,"total_revenue":71834},
{"offer_id":"4049044188","offer":"felis fusce posuere","category":"specials","offer_date":"7/7/2021","ratings":2,"total_bookings":796,"total_revenue":79793},
{"offer_id":"7965144697","offer":"ante vivamus tortor duis mattis","category":"openings","offer_date":"7/2/2021","ratings":3,"total_bookings":575,"total_revenue":76435},
{"offer_id":"0010259686","offer":"at ipsum ac","category":"events","offer_date":"7/13/2021","ratings":1,"total_bookings":795,"total_revenue":45099},
{"offer_id":"9646129870","offer":"pellentesque at nulla suspendisse potenti","category":"events","offer_date":"10/21/2021","ratings":1,"total_bookings":14,"total_revenue":57274},
{"offer_id":"9541604269","offer":"nisl duis ac nibh fusce","category":"openings","offer_date":"9/19/2021","ratings":1,"total_bookings":551,"total_revenue":1560},
{"offer_id":"5229608072","offer":"ut erat curabitur","category":"openings","offer_date":"11/3/2021","ratings":5,"total_bookings":674,"total_revenue":49973},
{"offer_id":"4770196113","offer":"dui proin leo odio","category":"events","offer_date":"9/15/2021","ratings":1,"total_bookings":399,"total_revenue":1900},
{"offer_id":"8610199290","offer":"libero nullam sit amet","category":"events","offer_date":"3/4/2022","ratings":5,"total_bookings":119,"total_revenue":66351},
{"offer_id":"3990751387","offer":"leo odio condimentum","category":"specials","offer_date":"12/21/2021","ratings":5,"total_bookings":652,"total_revenue":10852},
{"offer_id":"6756789201","offer":"pellentesque ultrices phasellus","category":"openings","offer_date":"8/6/2021","ratings":4,"total_bookings":649,"total_revenue":3572},
{"offer_id":"4600424751","offer":"amet sapien dignissim vestibulum vestibulum","category":"openings","offer_date":"10/18/2021","ratings":1,"total_bookings":230,"total_revenue":25686},
{"offer_id":"5451153019","offer":"mauris vulputate elementum nullam","category":"events","offer_date":"6/21/2021","ratings":4,"total_bookings":880,"total_revenue":98772},
{"offer_id":"4015369289","offer":"id justo sit","category":"openings","offer_date":"12/15/2021","ratings":1,"total_bookings":409,"total_revenue":3814},
{"offer_id":"4853005404","offer":"condimentum neque sapien placerat","category":"events","offer_date":"5/11/2021","ratings":2,"total_bookings":40,"total_revenue":59023},
{"offer_id":"7648581795","offer":"diam neque vestibulum","category":"events","offer_date":"11/9/2021","ratings":4,"total_bookings":950,"total_revenue":17119},
{"offer_id":"8602283938","offer":"iaculis congue vivamus","category":"openings","offer_date":"11/7/2021","ratings":5,"total_bookings":449,"total_revenue":39285},
{"offer_id":"9556444343","offer":"est lacinia nisi venenatis","category":"events","offer_date":"10/5/2021","ratings":4,"total_bookings":961,"total_revenue":46733},
{"offer_id":"7836949060","offer":"augue vestibulum ante","category":"specials","offer_date":"8/1/2021","ratings":2,"total_bookings":393,"total_revenue":6058},
{"offer_id":"0858311992","offer":"lectus pellentesque eget nunc","category":"specials","offer_date":"4/28/2022","ratings":3,"total_bookings":628,"total_revenue":82166},
{"offer_id":"0452935598","offer":"vel lectus in quam","category":"openings","offer_date":"7/9/2021","ratings":5,"total_bookings":580,"total_revenue":22557},
{"offer_id":"9025465110","offer":"mattis odio donec vitae nisi","category":"openings","offer_date":"8/29/2021","ratings":3,"total_bookings":719,"total_revenue":62030},
{"offer_id":"6956981904","offer":"feugiat et eros vestibulum ac","category":"events","offer_date":"3/15/2022","ratings":5,"total_bookings":973,"total_revenue":2864},
{"offer_id":"2268068064","offer":"volutpat dui maecenas","category":"openings","offer_date":"2/14/2022","ratings":5,"total_bookings":578,"total_revenue":34283},
{"offer_id":"2848437243","offer":"neque duis bibendum","category":"specials","offer_date":"11/10/2021","ratings":2,"total_bookings":792,"total_revenue":98742},
{"offer_id":"8306343263","offer":"blandit nam nulla integer","category":"events","offer_date":"10/17/2021","ratings":5,"total_bookings":903,"total_revenue":76930},
{"offer_id":"5433996964","offer":"porttitor id consequat in consequat","category":"specials","offer_date":"3/23/2022","ratings":4,"total_bookings":203,"total_revenue":18674},
{"offer_id":"4541952521","offer":"nulla justo aliquam quis turpis","category":"openings","offer_date":"11/5/2021","ratings":1,"total_bookings":25,"total_revenue":76417},
{"offer_id":"8795937072","offer":"habitasse platea dictumst etiam","category":"openings","offer_date":"8/27/2021","ratings":5,"total_bookings":527,"total_revenue":58877},
{"offer_id":"1758496592","offer":"curae duis faucibus accumsan odio","category":"openings","offer_date":"3/27/2022","ratings":3,"total_bookings":148,"total_revenue":24134},
{"offer_id":"8137304096","offer":"odio donec vitae","category":"specials","offer_date":"3/8/2022","ratings":4,"total_bookings":501,"total_revenue":97498},
{"offer_id":"1408986825","offer":"nisi vulputate nonummy maecenas","category":"openings","offer_date":"2/13/2022","ratings":2,"total_bookings":727,"total_revenue":39188},
{"offer_id":"2040638830","offer":"in sagittis dui vel nisl","category":"specials","offer_date":"9/24/2021","ratings":3,"total_bookings":849,"total_revenue":86969},
{"offer_id":"5894789109","offer":"elementum ligula vehicula","category":"openings","offer_date":"12/10/2021","ratings":2,"total_bookings":537,"total_revenue":91102},
{"offer_id":"9935165450","offer":"posuere metus vitae","category":"openings","offer_date":"10/16/2021","ratings":2,"total_bookings":674,"total_revenue":2127},
{"offer_id":"3474285734","offer":"viverra diam vitae","category":"events","offer_date":"12/14/2021","ratings":1,"total_bookings":786,"total_revenue":77707},
{"offer_id":"4965499824","offer":"dapibus duis at velit","category":"specials","offer_date":"6/2/2021","ratings":1,"total_bookings":517,"total_revenue":4806},
{"offer_id":"4283105570","offer":"eu mi nulla ac enim","category":"specials","offer_date":"7/22/2021","ratings":5,"total_bookings":339,"total_revenue":78657},
{"offer_id":"4226290135","offer":"in hac habitasse platea dictumst","category":"events","offer_date":"11/26/2021","ratings":4,"total_bookings":483,"total_revenue":69028},
{"offer_id":"4595823398","offer":"eleifend luctus ultricies","category":"openings","offer_date":"9/13/2021","ratings":5,"total_bookings":595,"total_revenue":22101},
{"offer_id":"5059118975","offer":"adipiscing elit proin risus","category":"specials","offer_date":"12/9/2021","ratings":4,"total_bookings":774,"total_revenue":32033},
{"offer_id":"6920844168","offer":"ante vel ipsum","category":"specials","offer_date":"10/27/2021","ratings":3,"total_bookings":652,"total_revenue":41158},
{"offer_id":"3374219381","offer":"curabitur at ipsum ac","category":"events","offer_date":"1/11/2022","ratings":5,"total_bookings":629,"total_revenue":9826},
{"offer_id":"3067918754","offer":"id ligula suspendisse","category":"specials","offer_date":"7/2/2021","ratings":1,"total_bookings":396,"total_revenue":13146},
{"offer_id":"8098175634","offer":"at nulla suspendisse potenti cras","category":"specials","offer_date":"11/5/2021","ratings":1,"total_bookings":524,"total_revenue":30883},
{"offer_id":"0950263249","offer":"vestibulum ac est lacinia nisi","category":"specials","offer_date":"1/8/2022","ratings":2,"total_bookings":637,"total_revenue":14159},
{"offer_id":"3033190235","offer":"pellentesque ultrices mattis odio","category":"events","offer_date":"12/8/2021","ratings":1,"total_bookings":862,"total_revenue":13352},
{"offer_id":"1605196371","offer":"orci vehicula condimentum","category":"specials","offer_date":"8/30/2021","ratings":4,"total_bookings":450,"total_revenue":3326},
{"offer_id":"6960361494","offer":"fusce congue diam id","category":"openings","offer_date":"10/17/2021","ratings":1,"total_bookings":148,"total_revenue":12320},
{"offer_id":"0860304124","offer":"in faucibus orci luctus","category":"events","offer_date":"6/9/2021","ratings":4,"total_bookings":508,"total_revenue":92228},
{"offer_id":"3908561590","offer":"ullamcorper augue a suscipit","category":"specials","offer_date":"12/1/2021","ratings":4,"total_bookings":978,"total_revenue":50118},
{"offer_id":"1247784959","offer":"odio cras mi pede","category":"openings","offer_date":"1/4/2022","ratings":1,"total_bookings":140,"total_revenue":75145},
{"offer_id":"0524077800","offer":"nulla elit ac","category":"openings","offer_date":"7/30/2021","ratings":2,"total_bookings":978,"total_revenue":37},
{"offer_id":"8560756795","offer":"nullam sit amet turpis elementum","category":"events","offer_date":"9/4/2021","ratings":1,"total_bookings":263,"total_revenue":69577},
{"offer_id":"7618920087","offer":"vestibulum rutrum rutrum","category":"events","offer_date":"7/13/2021","ratings":4,"total_bookings":194,"total_revenue":40397},
{"offer_id":"7730005867","offer":"et magnis dis parturient","category":"specials","offer_date":"10/21/2021","ratings":5,"total_bookings":603,"total_revenue":95267},
{"offer_id":"0486782654","offer":"arcu libero rutrum ac lobortis","category":"events","offer_date":"11/22/2021","ratings":1,"total_bookings":138,"total_revenue":28109},
{"offer_id":"9661617953","offer":"justo lacinia eget","category":"specials","offer_date":"12/23/2021","ratings":5,"total_bookings":30,"total_revenue":94257},
{"offer_id":"8157225507","offer":"duis bibendum felis sed","category":"specials","offer_date":"6/25/2021","ratings":4,"total_bookings":249,"total_revenue":68139},
{"offer_id":"9769939706","offer":"odio justo sollicitudin","category":"openings","offer_date":"11/23/2021","ratings":3,"total_bookings":330,"total_revenue":24550},
{"offer_id":"1875388672","offer":"congue risus semper","category":"events","offer_date":"8/9/2021","ratings":4,"total_bookings":735,"total_revenue":71959},
{"offer_id":"5699252096","offer":"elementum nullam varius nulla facilisi","category":"openings","offer_date":"9/25/2021","ratings":1,"total_bookings":552,"total_revenue":31035},
{"offer_id":"9587555570","offer":"odio consequat varius","category":"openings","offer_date":"9/17/2021","ratings":3,"total_bookings":879,"total_revenue":14659},
{"offer_id":"1168875293","offer":"ut erat curabitur gravida nisi","category":"openings","offer_date":"6/16/2021","ratings":4,"total_bookings":582,"total_revenue":44618},
{"offer_id":"3356881787","offer":"ipsum ac tellus","category":"events","offer_date":"1/9/2022","ratings":2,"total_bookings":237,"total_revenue":80051},
{"offer_id":"7543298805","offer":"integer a nibh in","category":"specials","offer_date":"7/9/2021","ratings":4,"total_bookings":855,"total_revenue":61972},
{"offer_id":"8672436261","offer":"penatibus et magnis dis","category":"openings","offer_date":"7/5/2021","ratings":3,"total_bookings":249,"total_revenue":52820},
{"offer_id":"3535015871","offer":"faucibus orci luctus et ultrices","category":"specials","offer_date":"12/14/2021","ratings":4,"total_bookings":633,"total_revenue":24576},
{"offer_id":"0868718211","offer":"a suscipit nulla elit ac","category":"specials","offer_date":"9/9/2021","ratings":3,"total_bookings":438,"total_revenue":52774},
{"offer_id":"7999267619","offer":"morbi odio odio elementum eu","category":"openings","offer_date":"12/8/2021","ratings":2,"total_bookings":655,"total_revenue":80959},
{"offer_id":"9429039644","offer":"nisi at nibh in","category":"specials","offer_date":"7/1/2021","ratings":5,"total_bookings":811,"total_revenue":80439},
{"offer_id":"2952102325","offer":"dictumst maecenas ut massa quis","category":"specials","offer_date":"3/3/2022","ratings":5,"total_bookings":303,"total_revenue":71630},
{"offer_id":"7431499787","offer":"donec posuere metus","category":"openings","offer_date":"6/7/2021","ratings":1,"total_bookings":66,"total_revenue":73303},
{"offer_id":"5481588005","offer":"sapien cursus vestibulum","category":"specials","offer_date":"6/4/2021","ratings":1,"total_bookings":962,"total_revenue":22315},
{"offer_id":"4268507922","offer":"nisi venenatis tristique","category":"specials","offer_date":"2/20/2022","ratings":3,"total_bookings":231,"total_revenue":76983},
{"offer_id":"4893893653","offer":"phasellus sit amet","category":"specials","offer_date":"7/14/2021","ratings":3,"total_bookings":950,"total_revenue":7679},
{"offer_id":"1612157807","offer":"at dolor quis","category":"openings","offer_date":"11/7/2021","ratings":4,"total_bookings":948,"total_revenue":56494},
{"offer_id":"2460737831","offer":"lobortis convallis tortor risus","category":"events","offer_date":"7/12/2021","ratings":3,"total_bookings":502,"total_revenue":51261},
{"offer_id":"3817892152","offer":"magna ac consequat metus sapien","category":"events","offer_date":"8/14/2021","ratings":5,"total_bookings":140,"total_revenue":95276},
{"offer_id":"0182798232","offer":"turpis adipiscing lorem","category":"specials","offer_date":"4/26/2022","ratings":3,"total_bookings":358,"total_revenue":94973},
{"offer_id":"9027150281","offer":"primis in faucibus orci luctus","category":"specials","offer_date":"1/1/2022","ratings":1,"total_bookings":573,"total_revenue":67054},
{"offer_id":"9348979884","offer":"iaculis justo in hac habitasse","category":"openings","offer_date":"5/18/2021","ratings":1,"total_bookings":992,"total_revenue":47936},
{"offer_id":"3721637895","offer":"pretium nisl ut","category":"specials","offer_date":"4/30/2022","ratings":2,"total_bookings":32,"total_revenue":89599},
{"offer_id":"8765342712","offer":"ante ipsum primis in","category":"openings","offer_date":"11/3/2021","ratings":4,"total_bookings":872,"total_revenue":38144},
{"offer_id":"6097363494","offer":"leo pellentesque ultrices mattis odio","category":"openings","offer_date":"12/23/2021","ratings":1,"total_bookings":269,"total_revenue":91995},
{"offer_id":"2989489282","offer":"sapien dignissim vestibulum","category":"specials","offer_date":"11/17/2021","ratings":3,"total_bookings":190,"total_revenue":10301},
{"offer_id":"8150907807","offer":"odio elementum eu interdum eu","category":"events","offer_date":"8/29/2021","ratings":1,"total_bookings":724,"total_revenue":26399},
{"offer_id":"3809600717","offer":"duis bibendum felis sed","category":"specials","offer_date":"7/11/2021","ratings":4,"total_bookings":859,"total_revenue":19223},
{"offer_id":"4071409606","offer":"sed justo pellentesque","category":"openings","offer_date":"3/28/2022","ratings":4,"total_bookings":713,"total_revenue":96615},
{"offer_id":"3126754309","offer":"nibh quisque id","category":"specials","offer_date":"11/11/2021","ratings":3,"total_bookings":617,"total_revenue":6729},
{"offer_id":"7344015846","offer":"augue luctus tincidunt nulla mollis","category":"specials","offer_date":"12/15/2021","ratings":3,"total_bookings":647,"total_revenue":73154},
{"offer_id":"7550099391","offer":"sit amet diam","category":"specials","offer_date":"7/23/2021","ratings":3,"total_bookings":199,"total_revenue":16597},
{"offer_id":"0666127913","offer":"consequat dui nec nisi volutpat","category":"specials","offer_date":"3/29/2022","ratings":5,"total_bookings":570,"total_revenue":59909},
{"offer_id":"0934598614","offer":"massa volutpat convallis morbi","category":"openings","offer_date":"6/9/2021","ratings":5,"total_bookings":799,"total_revenue":25451},
{"offer_id":"1135451087","offer":"viverra dapibus nulla","category":"specials","offer_date":"5/12/2021","ratings":2,"total_bookings":620,"total_revenue":3419},
{"offer_id":"0570633982","offer":"maecenas ut massa quis","category":"events","offer_date":"11/7/2021","ratings":5,"total_bookings":484,"total_revenue":40606},
{"offer_id":"7692146292","offer":"sed justo pellentesque viverra","category":"openings","offer_date":"5/5/2021","ratings":2,"total_bookings":19,"total_revenue":36089},
{"offer_id":"7687817834","offer":"libero convallis eget eleifend","category":"openings","offer_date":"8/19/2021","ratings":5,"total_bookings":75,"total_revenue":94773},
{"offer_id":"3145278002","offer":"consequat morbi a","category":"specials","offer_date":"1/15/2022","ratings":2,"total_bookings":138,"total_revenue":52507},
{"offer_id":"3784878156","offer":"in lacus curabitur at ipsum","category":"specials","offer_date":"2/7/2022","ratings":1,"total_bookings":491,"total_revenue":94505},
{"offer_id":"4428536860","offer":"mi sit amet lobortis","category":"events","offer_date":"1/4/2022","ratings":1,"total_bookings":156,"total_revenue":1715},
{"offer_id":"9166367832","offer":"eget tincidunt eget tempus","category":"specials","offer_date":"1/23/2022","ratings":5,"total_bookings":926,"total_revenue":5809},
{"offer_id":"3619569312","offer":"sit amet sapien dignissim vestibulum","category":"specials","offer_date":"11/19/2021","ratings":5,"total_bookings":99,"total_revenue":84540},
{"offer_id":"1007300191","offer":"volutpat dui maecenas","category":"events","offer_date":"8/12/2021","ratings":1,"total_bookings":262,"total_revenue":2259},
{"offer_id":"2817167872","offer":"odio cras mi pede","category":"events","offer_date":"7/22/2021","ratings":1,"total_bookings":11,"total_revenue":38575},
{"offer_id":"1236044517","offer":"vivamus tortor duis mattis","category":"events","offer_date":"5/12/2021","ratings":5,"total_bookings":163,"total_revenue":18405},
{"offer_id":"3556541904","offer":"odio justo sollicitudin ut","category":"events","offer_date":"1/1/2022","ratings":1,"total_bookings":595,"total_revenue":85733},
{"offer_id":"9208265382","offer":"donec quis orci eget orci","category":"events","offer_date":"6/27/2021","ratings":5,"total_bookings":909,"total_revenue":40744},
{"offer_id":"3399780583","offer":"est congue elementum in hac","category":"openings","offer_date":"10/22/2021","ratings":4,"total_bookings":199,"total_revenue":43686},
{"offer_id":"4549649976","offer":"accumsan tortor quis turpis sed","category":"openings","offer_date":"2/20/2022","ratings":3,"total_bookings":728,"total_revenue":72125},
{"offer_id":"7792963306","offer":"neque duis bibendum","category":"openings","offer_date":"9/2/2021","ratings":5,"total_bookings":168,"total_revenue":38835},
{"offer_id":"8159527462","offer":"lobortis est phasellus sit","category":"openings","offer_date":"3/8/2022","ratings":2,"total_bookings":555,"total_revenue":88825},
{"offer_id":"8911292869","offer":"sed tristique in","category":"openings","offer_date":"3/2/2022","ratings":2,"total_bookings":388,"total_revenue":27557},
{"offer_id":"9152602435","offer":"quis orci eget orci","category":"events","offer_date":"10/27/2021","ratings":1,"total_bookings":951,"total_revenue":93299},
{"offer_id":"6236704902","offer":"ultricies eu nibh","category":"specials","offer_date":"9/1/2021","ratings":3,"total_bookings":573,"total_revenue":86115},
{"offer_id":"5584151629","offer":"ac lobortis vel dapibus","category":"events","offer_date":"10/29/2021","ratings":5,"total_bookings":259,"total_revenue":91760},
{"offer_id":"2748480279","offer":"iaculis diam erat fermentum justo","category":"openings","offer_date":"5/7/2021","ratings":3,"total_bookings":832,"total_revenue":35465},
{"offer_id":"4490897235","offer":"in eleifend quam a","category":"specials","offer_date":"10/26/2021","ratings":3,"total_bookings":334,"total_revenue":50709},
{"offer_id":"2334838268","offer":"praesent blandit nam nulla integer","category":"events","offer_date":"8/14/2021","ratings":1,"total_bookings":162,"total_revenue":75759},
{"offer_id":"9903080301","offer":"eleifend luctus ultricies","category":"openings","offer_date":"10/17/2021","ratings":2,"total_bookings":424,"total_revenue":47492},
{"offer_id":"1476900817","offer":"mauris sit amet eros","category":"events","offer_date":"2/14/2022","ratings":3,"total_bookings":453,"total_revenue":88919},
{"offer_id":"6635454659","offer":"amet consectetuer adipiscing elit","category":"openings","offer_date":"10/1/2021","ratings":3,"total_bookings":384,"total_revenue":20487},
{"offer_id":"9417809520","offer":"dictumst morbi vestibulum velit","category":"specials","offer_date":"3/20/2022","ratings":1,"total_bookings":649,"total_revenue":94503},
{"offer_id":"9752660428","offer":"elit proin risus praesent lectus","category":"openings","offer_date":"3/3/2022","ratings":1,"total_bookings":454,"total_revenue":74050},
{"offer_id":"7487033651","offer":"aliquam quis turpis eget","category":"openings","offer_date":"8/18/2021","ratings":3,"total_bookings":951,"total_revenue":41195},
{"offer_id":"1277062927","offer":"sed vestibulum sit","category":"specials","offer_date":"12/11/2021","ratings":4,"total_bookings":351,"total_revenue":87799},
{"offer_id":"4643828706","offer":"fusce lacus purus aliquet","category":"specials","offer_date":"10/27/2021","ratings":3,"total_bookings":479,"total_revenue":77932},
{"offer_id":"2802121677","offer":"odio in hac","category":"openings","offer_date":"2/13/2022","ratings":4,"total_bookings":929,"total_revenue":66599},
{"offer_id":"9164183106","offer":"a nibh in quis","category":"events","offer_date":"12/26/2021","ratings":1,"total_bookings":5,"total_revenue":80324},
{"offer_id":"4792727006","offer":"erat volutpat in","category":"specials","offer_date":"2/14/2022","ratings":5,"total_bookings":332,"total_revenue":31880},
{"offer_id":"5208085399","offer":"vulputate elementum nullam","category":"specials","offer_date":"5/7/2021","ratings":1,"total_bookings":162,"total_revenue":48079},
{"offer_id":"8799909421","offer":"orci luctus et","category":"openings","offer_date":"11/17/2021","ratings":5,"total_bookings":36,"total_revenue":35698},
{"offer_id":"0827077025","offer":"quam nec dui luctus","category":"openings","offer_date":"6/18/2021","ratings":3,"total_bookings":476,"total_revenue":93673},
{"offer_id":"6638454994","offer":"et magnis dis","category":"events","offer_date":"5/20/2021","ratings":1,"total_bookings":630,"total_revenue":32081},
{"offer_id":"8419326925","offer":"dui maecenas tristique est","category":"openings","offer_date":"4/27/2022","ratings":4,"total_bookings":519,"total_revenue":92274},
{"offer_id":"0985097841","offer":"eu interdum eu tincidunt in","category":"specials","offer_date":"3/26/2022","ratings":3,"total_bookings":934,"total_revenue":92405},
{"offer_id":"3172765768","offer":"pulvinar lobortis est phasellus","category":"openings","offer_date":"11/25/2021","ratings":1,"total_bookings":142,"total_revenue":77264},
{"offer_id":"6608198426","offer":"nulla justo aliquam quis turpis","category":"events","offer_date":"11/1/2021","ratings":3,"total_bookings":307,"total_revenue":93071},
{"offer_id":"3622524251","offer":"scelerisque quam turpis","category":"events","offer_date":"3/20/2022","ratings":3,"total_bookings":48,"total_revenue":71507},
{"offer_id":"5571843659","offer":"nisl duis ac nibh","category":"events","offer_date":"10/16/2021","ratings":1,"total_bookings":978,"total_revenue":22443},
{"offer_id":"0457162775","offer":"auctor gravida sem","category":"openings","offer_date":"2/11/2022","ratings":3,"total_bookings":920,"total_revenue":57020},
{"offer_id":"1148321128","offer":"libero non mattis pulvinar nulla","category":"openings","offer_date":"8/19/2021","ratings":1,"total_bookings":411,"total_revenue":38500},
{"offer_id":"5384262656","offer":"orci luctus et","category":"specials","offer_date":"1/6/2022","ratings":1,"total_bookings":510,"total_revenue":36849},
{"offer_id":"8657451352","offer":"nulla integer pede","category":"specials","offer_date":"1/16/2022","ratings":2,"total_bookings":176,"total_revenue":49921},
{"offer_id":"6652130513","offer":"ac diam cras pellentesque","category":"openings","offer_date":"8/7/2021","ratings":4,"total_bookings":659,"total_revenue":14753},
{"offer_id":"0404857841","offer":"ut rhoncus aliquet pulvinar sed","category":"specials","offer_date":"5/31/2021","ratings":2,"total_bookings":139,"total_revenue":76639},
{"offer_id":"4808710323","offer":"id mauris vulputate elementum","category":"openings","offer_date":"4/9/2022","ratings":3,"total_bookings":965,"total_revenue":40425},
{"offer_id":"4207939628","offer":"pharetra magna ac consequat metus","category":"openings","offer_date":"4/16/2022","ratings":3,"total_bookings":523,"total_revenue":30921},
{"offer_id":"7072390103","offer":"vestibulum sagittis sapien","category":"specials","offer_date":"6/29/2021","ratings":4,"total_bookings":167,"total_revenue":74675},
{"offer_id":"1267412410","offer":"sapien arcu sed","category":"specials","offer_date":"7/25/2021","ratings":2,"total_bookings":939,"total_revenue":11189},
{"offer_id":"6342390398","offer":"platea dictumst etiam","category":"events","offer_date":"10/22/2021","ratings":4,"total_bookings":665,"total_revenue":22893},
{"offer_id":"0375953469","offer":"nam ultrices libero non","category":"events","offer_date":"6/21/2021","ratings":3,"total_bookings":271,"total_revenue":81807},
{"offer_id":"8576042002","offer":"odio elementum eu interdum","category":"openings","offer_date":"8/1/2021","ratings":3,"total_bookings":843,"total_revenue":65408},
{"offer_id":"9414116885","offer":"quis augue luctus tincidunt nulla","category":"events","offer_date":"2/1/2022","ratings":3,"total_bookings":548,"total_revenue":15197},
{"offer_id":"6546619156","offer":"sit amet diam in","category":"openings","offer_date":"3/15/2022","ratings":4,"total_bookings":374,"total_revenue":2555},
{"offer_id":"1898668159","offer":"pellentesque quisque porta volutpat erat","category":"openings","offer_date":"9/14/2021","ratings":2,"total_bookings":179,"total_revenue":34649},
{"offer_id":"2034976401","offer":"volutpat eleifend donec","category":"events","offer_date":"3/29/2022","ratings":1,"total_bookings":538,"total_revenue":11870},
{"offer_id":"1964706815","offer":"proin risus praesent lectus","category":"openings","offer_date":"7/18/2021","ratings":2,"total_bookings":147,"total_revenue":60649},
{"offer_id":"8272474166","offer":"justo aliquam quis turpis eget","category":"openings","offer_date":"3/26/2022","ratings":1,"total_bookings":237,"total_revenue":57733},
{"offer_id":"3351440316","offer":"velit id pretium iaculis diam","category":"specials","offer_date":"10/24/2021","ratings":2,"total_bookings":234,"total_revenue":56791},
{"offer_id":"4875497326","offer":"pellentesque at nulla suspendisse potenti","category":"events","offer_date":"10/4/2021","ratings":2,"total_bookings":931,"total_revenue":72244},
{"offer_id":"0189946008","offer":"feugiat non pretium quis","category":"events","offer_date":"3/28/2022","ratings":1,"total_bookings":9,"total_revenue":725},
{"offer_id":"8548268077","offer":"ante ipsum primis in","category":"specials","offer_date":"9/3/2021","ratings":4,"total_bookings":197,"total_revenue":19726},
{"offer_id":"8460402053","offer":"quis libero nullam","category":"events","offer_date":"10/22/2021","ratings":4,"total_bookings":686,"total_revenue":75674},
{"offer_id":"9809782470","offer":"eros viverra eget congue eget","category":"openings","offer_date":"4/28/2022","ratings":5,"total_bookings":220,"total_revenue":52936},
{"offer_id":"4956799799","offer":"quam nec dui luctus","category":"events","offer_date":"11/22/2021","ratings":2,"total_bookings":89,"total_revenue":8167},
{"offer_id":"9159270454","offer":"ornare imperdiet sapien urna pretium","category":"events","offer_date":"2/21/2022","ratings":4,"total_bookings":836,"total_revenue":36874},
{"offer_id":"3985618828","offer":"mauris lacinia sapien","category":"events","offer_date":"11/17/2021","ratings":5,"total_bookings":952,"total_revenue":73139},
{"offer_id":"2255760045","offer":"pellentesque volutpat dui","category":"openings","offer_date":"10/28/2021","ratings":3,"total_bookings":721,"total_revenue":44993},
{"offer_id":"0631239278","offer":"leo pellentesque ultrices mattis","category":"openings","offer_date":"10/1/2021","ratings":5,"total_bookings":763,"total_revenue":27369},
{"offer_id":"8802686572","offer":"faucibus orci luctus","category":"specials","offer_date":"1/25/2022","ratings":2,"total_bookings":585,"total_revenue":49889},
{"offer_id":"4192662655","offer":"faucibus cursus urna","category":"specials","offer_date":"4/4/2022","ratings":2,"total_bookings":908,"total_revenue":18694},
{"offer_id":"0740226339","offer":"vivamus vel nulla eget","category":"openings","offer_date":"3/12/2022","ratings":1,"total_bookings":141,"total_revenue":91744},
{"offer_id":"3212699086","offer":"dis parturient montes","category":"events","offer_date":"3/12/2022","ratings":5,"total_bookings":766,"total_revenue":78253},
{"offer_id":"9091560770","offer":"magnis dis parturient montes","category":"events","offer_date":"4/11/2022","ratings":5,"total_bookings":922,"total_revenue":79581},
{"offer_id":"1305471121","offer":"ridiculus mus vivamus vestibulum sagittis","category":"events","offer_date":"6/26/2021","ratings":2,"total_bookings":373,"total_revenue":39216},
{"offer_id":"9318149387","offer":"justo maecenas rhoncus aliquam","category":"events","offer_date":"8/19/2021","ratings":3,"total_bookings":861,"total_revenue":24192},
{"offer_id":"9164348539","offer":"cursus id turpis integer aliquet","category":"openings","offer_date":"2/14/2022","ratings":5,"total_bookings":677,"total_revenue":29730},
{"offer_id":"0462778665","offer":"primis in faucibus","category":"openings","offer_date":"12/7/2021","ratings":1,"total_bookings":135,"total_revenue":20345},
{"offer_id":"1205872876","offer":"nascetur ridiculus mus etiam vel","category":"openings","offer_date":"3/17/2022","ratings":3,"total_bookings":738,"total_revenue":47827},
{"offer_id":"2545329878","offer":"felis donec semper sapien","category":"specials","offer_date":"3/4/2022","ratings":1,"total_bookings":423,"total_revenue":37826},
{"offer_id":"9742691266","offer":"adipiscing molestie hendrerit","category":"events","offer_date":"9/24/2021","ratings":1,"total_bookings":150,"total_revenue":85690},
{"offer_id":"6900234038","offer":"in hac habitasse platea dictumst","category":"events","offer_date":"11/23/2021","ratings":4,"total_bookings":871,"total_revenue":22819},
{"offer_id":"9452427337","offer":"orci luctus et ultrices posuere","category":"events","offer_date":"12/8/2021","ratings":3,"total_bookings":304,"total_revenue":34683},
{"offer_id":"4129418963","offer":"nunc viverra dapibus","category":"specials","offer_date":"8/18/2021","ratings":4,"total_bookings":177,"total_revenue":88147},
{"offer_id":"0093107943","offer":"porta volutpat quam pede","category":"events","offer_date":"3/29/2022","ratings":4,"total_bookings":165,"total_revenue":36634},
{"offer_id":"3702773460","offer":"eu massa donec","category":"openings","offer_date":"8/20/2021","ratings":2,"total_bookings":251,"total_revenue":27547},
{"offer_id":"2732043036","offer":"pretium iaculis diam","category":"openings","offer_date":"12/11/2021","ratings":5,"total_bookings":342,"total_revenue":37691},
{"offer_id":"5579563841","offer":"interdum in ante vestibulum","category":"specials","offer_date":"3/5/2022","ratings":4,"total_bookings":453,"total_revenue":32026},
{"offer_id":"2818099226","offer":"in purus eu magna vulputate","category":"openings","offer_date":"1/28/2022","ratings":5,"total_bookings":909,"total_revenue":51743},
{"offer_id":"9429677284","offer":"eu sapien cursus","category":"specials","offer_date":"11/21/2021","ratings":2,"total_bookings":49,"total_revenue":27337},
{"offer_id":"5984055422","offer":"libero convallis eget","category":"specials","offer_date":"8/11/2021","ratings":3,"total_bookings":311,"total_revenue":69771},
{"offer_id":"2196520942","offer":"tempus vel pede morbi","category":"events","offer_date":"3/27/2022","ratings":4,"total_bookings":826,"total_revenue":36750},
{"offer_id":"5823359144","offer":"vestibulum quam sapien","category":"specials","offer_date":"1/20/2022","ratings":3,"total_bookings":327,"total_revenue":62229},
{"offer_id":"2872276653","offer":"mus vivamus vestibulum sagittis sapien","category":"openings","offer_date":"5/19/2021","ratings":4,"total_bookings":537,"total_revenue":632},
{"offer_id":"7950315520","offer":"eu sapien cursus","category":"openings","offer_date":"8/13/2021","ratings":1,"total_bookings":493,"total_revenue":21964},
{"offer_id":"6670009569","offer":"morbi ut odio","category":"openings","offer_date":"8/6/2021","ratings":3,"total_bookings":435,"total_revenue":56002},
{"offer_id":"0424094835","offer":"tempus semper est quam pharetra","category":"specials","offer_date":"11/27/2021","ratings":1,"total_bookings":961,"total_revenue":60465},
{"offer_id":"8236907597","offer":"donec vitae nisi nam","category":"events","offer_date":"1/4/2022","ratings":4,"total_bookings":516,"total_revenue":61650},
{"offer_id":"2845479069","offer":"morbi sem mauris laoreet","category":"specials","offer_date":"2/20/2022","ratings":1,"total_bookings":469,"total_revenue":6862},
{"offer_id":"7231777112","offer":"scelerisque mauris sit amet","category":"openings","offer_date":"5/25/2021","ratings":4,"total_bookings":266,"total_revenue":29755},
{"offer_id":"8070558407","offer":"praesent id massa","category":"specials","offer_date":"9/6/2021","ratings":5,"total_bookings":483,"total_revenue":48778},
{"offer_id":"5087578985","offer":"condimentum id luctus nec","category":"specials","offer_date":"8/31/2021","ratings":4,"total_bookings":27,"total_revenue":90121},
{"offer_id":"7878901694","offer":"in porttitor pede","category":"events","offer_date":"1/14/2022","ratings":4,"total_bookings":162,"total_revenue":35298},
{"offer_id":"8352265490","offer":"duis bibendum morbi non","category":"specials","offer_date":"5/21/2021","ratings":3,"total_bookings":396,"total_revenue":75776},
{"offer_id":"7056304052","offer":"sed tristique in tempus sit","category":"events","offer_date":"10/11/2021","ratings":2,"total_bookings":150,"total_revenue":87709},
{"offer_id":"7890052111","offer":"venenatis non sodales","category":"openings","offer_date":"8/9/2021","ratings":4,"total_bookings":569,"total_revenue":30150},
{"offer_id":"2869889569","offer":"vitae consectetuer eget rutrum at","category":"specials","offer_date":"8/21/2021","ratings":3,"total_bookings":216,"total_revenue":85017},
{"offer_id":"3410509569","offer":"libero convallis eget","category":"openings","offer_date":"6/29/2021","ratings":3,"total_bookings":684,"total_revenue":77866},
{"offer_id":"4401073096","offer":"fermentum donec ut","category":"specials","offer_date":"6/15/2021","ratings":3,"total_bookings":520,"total_revenue":44484},
{"offer_id":"6786288057","offer":"amet erat nulla tempus vivamus","category":"openings","offer_date":"7/8/2021","ratings":5,"total_bookings":866,"total_revenue":84287},
{"offer_id":"0525007644","offer":"euismod scelerisque quam","category":"specials","offer_date":"4/6/2022","ratings":5,"total_bookings":79,"total_revenue":69133},
{"offer_id":"1574152033","offer":"pharetra magna ac consequat metus","category":"openings","offer_date":"10/28/2021","ratings":5,"total_bookings":577,"total_revenue":62379},
{"offer_id":"5934902512","offer":"luctus et ultrices posuere cubilia","category":"specials","offer_date":"5/29/2021","ratings":4,"total_bookings":544,"total_revenue":9518},
{"offer_id":"7654988117","offer":"ut volutpat sapien arcu sed","category":"specials","offer_date":"7/24/2021","ratings":3,"total_bookings":380,"total_revenue":59847},
{"offer_id":"3739645156","offer":"sem duis aliquam","category":"events","offer_date":"1/25/2022","ratings":1,"total_bookings":984,"total_revenue":58097},
{"offer_id":"1665507454","offer":"nulla ultrices aliquet maecenas leo","category":"specials","offer_date":"6/4/2021","ratings":2,"total_bookings":466,"total_revenue":94810},
{"offer_id":"1408601192","offer":"orci eget orci vehicula condimentum","category":"specials","offer_date":"6/7/2021","ratings":1,"total_bookings":168,"total_revenue":6438},
{"offer_id":"8610658252","offer":"donec quis orci","category":"specials","offer_date":"1/16/2022","ratings":3,"total_bookings":764,"total_revenue":40958},
{"offer_id":"8448169220","offer":"tristique fusce congue diam id","category":"events","offer_date":"2/22/2022","ratings":1,"total_bookings":523,"total_revenue":96987},
{"offer_id":"4508610374","offer":"in congue etiam","category":"events","offer_date":"6/6/2021","ratings":2,"total_bookings":6,"total_revenue":70363},
{"offer_id":"5611235492","offer":"et tempus semper est","category":"openings","offer_date":"6/22/2021","ratings":4,"total_bookings":29,"total_revenue":33530},
{"offer_id":"1015526667","offer":"non interdum in ante","category":"specials","offer_date":"10/19/2021","ratings":3,"total_bookings":164,"total_revenue":23785},
{"offer_id":"1356388353","offer":"dui luctus rutrum nulla","category":"events","offer_date":"6/6/2021","ratings":3,"total_bookings":852,"total_revenue":19189},
{"offer_id":"3792605589","offer":"viverra eget congue eget semper","category":"openings","offer_date":"11/23/2021","ratings":5,"total_bookings":343,"total_revenue":31320},
{"offer_id":"6970253961","offer":"odio consequat varius integer ac","category":"openings","offer_date":"8/1/2021","ratings":3,"total_bookings":688,"total_revenue":41082},
{"offer_id":"0225232049","offer":"quam suspendisse potenti nullam porttitor","category":"openings","offer_date":"3/2/2022","ratings":1,"total_bookings":265,"total_revenue":89912},
{"offer_id":"4096743925","offer":"phasellus id sapien","category":"specials","offer_date":"3/5/2022","ratings":4,"total_bookings":181,"total_revenue":88183},
{"offer_id":"9420246302","offer":"amet eleifend pede libero quis","category":"events","offer_date":"6/30/2021","ratings":4,"total_bookings":743,"total_revenue":72500},
{"offer_id":"6084492142","offer":"luctus et ultrices","category":"openings","offer_date":"2/2/2022","ratings":2,"total_bookings":477,"total_revenue":59205},
{"offer_id":"8938775623","offer":"arcu adipiscing molestie hendrerit","category":"events","offer_date":"10/23/2021","ratings":1,"total_bookings":616,"total_revenue":34476},
{"offer_id":"2148961462","offer":"odio curabitur convallis","category":"specials","offer_date":"9/6/2021","ratings":4,"total_bookings":691,"total_revenue":48360},
{"offer_id":"5504091152","offer":"justo eu massa donec","category":"specials","offer_date":"9/4/2021","ratings":3,"total_bookings":875,"total_revenue":63606},
{"offer_id":"1743284233","offer":"nibh in quis","category":"events","offer_date":"5/8/2021","ratings":1,"total_bookings":144,"total_revenue":27876},
{"offer_id":"5024612388","offer":"commodo placerat praesent","category":"events","offer_date":"8/4/2021","ratings":2,"total_bookings":224,"total_revenue":6737},
{"offer_id":"1858837375","offer":"eros vestibulum ac est","category":"events","offer_date":"9/2/2021","ratings":3,"total_bookings":840,"total_revenue":21429},
{"offer_id":"2547535297","offer":"nec molestie sed justo pellentesque","category":"openings","offer_date":"8/6/2021","ratings":1,"total_bookings":687,"total_revenue":58655},
{"offer_id":"1250121221","offer":"suspendisse potenti in eleifend quam","category":"events","offer_date":"10/12/2021","ratings":5,"total_bookings":747,"total_revenue":70543},
{"offer_id":"8615969876","offer":"libero rutrum ac","category":"openings","offer_date":"2/28/2022","ratings":4,"total_bookings":117,"total_revenue":28891},
{"offer_id":"1091677689","offer":"varius ut blandit non interdum","category":"events","offer_date":"7/11/2021","ratings":4,"total_bookings":186,"total_revenue":38409},
{"offer_id":"4737147567","offer":"id nulla ultrices","category":"specials","offer_date":"2/7/2022","ratings":5,"total_bookings":516,"total_revenue":54335},
{"offer_id":"6307618396","offer":"accumsan felis ut at dolor","category":"events","offer_date":"11/15/2021","ratings":1,"total_bookings":884,"total_revenue":90189},
{"offer_id":"1495233901","offer":"duis faucibus accumsan","category":"specials","offer_date":"10/4/2021","ratings":5,"total_bookings":945,"total_revenue":18542},
{"offer_id":"2798178045","offer":"quisque ut erat curabitur gravida","category":"openings","offer_date":"6/14/2021","ratings":3,"total_bookings":676,"total_revenue":67764},
{"offer_id":"1809763991","offer":"odio condimentum id","category":"events","offer_date":"1/7/2022","ratings":4,"total_bookings":181,"total_revenue":10288},
{"offer_id":"6750291724","offer":"sed tristique in tempus sit","category":"openings","offer_date":"12/16/2021","ratings":4,"total_bookings":633,"total_revenue":98400},
{"offer_id":"1779660111","offer":"mauris enim leo","category":"specials","offer_date":"6/20/2021","ratings":4,"total_bookings":155,"total_revenue":6445},
{"offer_id":"7542575791","offer":"quis augue luctus","category":"specials","offer_date":"11/25/2021","ratings":4,"total_bookings":567,"total_revenue":77723},
{"offer_id":"7973054863","offer":"eros viverra eget congue","category":"openings","offer_date":"10/31/2021","ratings":5,"total_bookings":458,"total_revenue":87880},
{"offer_id":"1774008629","offer":"accumsan odio curabitur convallis duis","category":"specials","offer_date":"10/12/2021","ratings":3,"total_bookings":444,"total_revenue":57437},
{"offer_id":"7384250595","offer":"in consequat ut nulla sed","category":"specials","offer_date":"5/2/2021","ratings":3,"total_bookings":815,"total_revenue":3776},
{"offer_id":"4647684032","offer":"donec pharetra magna","category":"specials","offer_date":"2/3/2022","ratings":3,"total_bookings":186,"total_revenue":28953},
{"offer_id":"5290705600","offer":"interdum mauris non ligula","category":"openings","offer_date":"5/14/2021","ratings":2,"total_bookings":269,"total_revenue":79639},
{"offer_id":"4594834736","offer":"curae nulla dapibus","category":"openings","offer_date":"6/28/2021","ratings":4,"total_bookings":887,"total_revenue":46099},
{"offer_id":"3597860095","offer":"congue diam id","category":"specials","offer_date":"4/11/2022","ratings":2,"total_bookings":572,"total_revenue":76112},
{"offer_id":"9755379630","offer":"leo odio condimentum id luctus","category":"events","offer_date":"2/24/2022","ratings":5,"total_bookings":489,"total_revenue":1743},
{"offer_id":"9109417583","offer":"eleifend luctus ultricies","category":"specials","offer_date":"9/12/2021","ratings":4,"total_bookings":276,"total_revenue":76884},
{"offer_id":"5458548965","offer":"velit donec diam neque vestibulum","category":"events","offer_date":"4/29/2022","ratings":2,"total_bookings":514,"total_revenue":43301},
{"offer_id":"7509779561","offer":"ut at dolor quis odio","category":"openings","offer_date":"8/4/2021","ratings":5,"total_bookings":541,"total_revenue":22374},
{"offer_id":"5606001535","offer":"nonummy integer non","category":"openings","offer_date":"7/28/2021","ratings":4,"total_bookings":928,"total_revenue":62521},
{"offer_id":"4864916160","offer":"malesuada in imperdiet et","category":"events","offer_date":"11/24/2021","ratings":2,"total_bookings":852,"total_revenue":44964},
{"offer_id":"7962800917","offer":"rutrum ac lobortis vel dapibus","category":"specials","offer_date":"1/16/2022","ratings":4,"total_bookings":859,"total_revenue":99302},
{"offer_id":"2056080303","offer":"quis turpis sed ante vivamus","category":"specials","offer_date":"7/19/2021","ratings":1,"total_bookings":195,"total_revenue":16041},
{"offer_id":"9368013756","offer":"duis ac nibh fusce","category":"events","offer_date":"5/25/2021","ratings":5,"total_bookings":680,"total_revenue":76173},
{"offer_id":"3712301472","offer":"vitae ipsum aliquam","category":"openings","offer_date":"6/7/2021","ratings":3,"total_bookings":449,"total_revenue":60723},
{"offer_id":"4437200713","offer":"neque duis bibendum","category":"events","offer_date":"5/22/2021","ratings":4,"total_bookings":806,"total_revenue":86840},
{"offer_id":"7474185520","offer":"tincidunt in leo","category":"openings","offer_date":"5/1/2022","ratings":1,"total_bookings":973,"total_revenue":8743},
{"offer_id":"0477700535","offer":"feugiat non pretium quis lectus","category":"events","offer_date":"10/25/2021","ratings":3,"total_bookings":240,"total_revenue":60194},
{"offer_id":"0338611363","offer":"risus auctor sed tristique in","category":"events","offer_date":"5/6/2021","ratings":5,"total_bookings":69,"total_revenue":79806},
{"offer_id":"6619471978","offer":"erat quisque erat eros viverra","category":"specials","offer_date":"2/27/2022","ratings":5,"total_bookings":527,"total_revenue":45582},
{"offer_id":"4540726579","offer":"nisl nunc nisl","category":"specials","offer_date":"4/10/2022","ratings":1,"total_bookings":72,"total_revenue":73821},
{"offer_id":"0734369085","offer":"adipiscing lorem vitae","category":"events","offer_date":"2/22/2022","ratings":4,"total_bookings":139,"total_revenue":58258},
{"offer_id":"0107275872","offer":"sollicitudin vitae consectetuer eget rutrum","category":"openings","offer_date":"8/6/2021","ratings":5,"total_bookings":113,"total_revenue":3967},
{"offer_id":"8993314837","offer":"tristique fusce congue diam","category":"specials","offer_date":"3/2/2022","ratings":3,"total_bookings":67,"total_revenue":4821},
{"offer_id":"6121443669","offer":"nec nisi volutpat","category":"specials","offer_date":"2/27/2022","ratings":3,"total_bookings":143,"total_revenue":48089},
{"offer_id":"7633022914","offer":"interdum mauris ullamcorper purus","category":"specials","offer_date":"9/6/2021","ratings":2,"total_bookings":361,"total_revenue":45028},
{"offer_id":"6200981051","offer":"nec dui luctus rutrum nulla","category":"openings","offer_date":"2/11/2022","ratings":5,"total_bookings":836,"total_revenue":68658},
{"offer_id":"0945580703","offer":"erat id mauris","category":"specials","offer_date":"6/8/2021","ratings":4,"total_bookings":674,"total_revenue":55385},
{"offer_id":"2403328421","offer":"posuere cubilia curae nulla dapibus","category":"openings","offer_date":"2/11/2022","ratings":4,"total_bookings":958,"total_revenue":76602},
{"offer_id":"4331484092","offer":"sapien varius ut blandit","category":"specials","offer_date":"8/28/2021","ratings":3,"total_bookings":807,"total_revenue":73381},
{"offer_id":"1244099961","offer":"habitasse platea dictumst morbi","category":"specials","offer_date":"11/7/2021","ratings":3,"total_bookings":142,"total_revenue":24010},
{"offer_id":"7499233782","offer":"libero non mattis pulvinar nulla","category":"specials","offer_date":"10/3/2021","ratings":5,"total_bookings":402,"total_revenue":48926},
{"offer_id":"8700126632","offer":"ut erat curabitur gravida","category":"specials","offer_date":"9/4/2021","ratings":1,"total_bookings":716,"total_revenue":39601},
{"offer_id":"7457059822","offer":"venenatis tristique fusce congue diam","category":"events","offer_date":"8/25/2021","ratings":5,"total_bookings":395,"total_revenue":1475},
{"offer_id":"5831860388","offer":"morbi ut odio cras mi","category":"openings","offer_date":"2/5/2022","ratings":1,"total_bookings":753,"total_revenue":97865},
{"offer_id":"1013131827","offer":"justo maecenas rhoncus","category":"openings","offer_date":"6/3/2021","ratings":3,"total_bookings":152,"total_revenue":60978},
{"offer_id":"3546616537","offer":"vitae nisl aenean lectus pellentesque","category":"specials","offer_date":"7/28/2021","ratings":1,"total_bookings":336,"total_revenue":20368},
{"offer_id":"3187216048","offer":"dapibus nulla suscipit ligula in","category":"openings","offer_date":"9/26/2021","ratings":2,"total_bookings":244,"total_revenue":57876},
{"offer_id":"7791564831","offer":"molestie sed justo","category":"specials","offer_date":"10/25/2021","ratings":1,"total_bookings":102,"total_revenue":38921},
{"offer_id":"0110267427","offer":"in congue etiam justo etiam","category":"events","offer_date":"10/1/2021","ratings":1,"total_bookings":995,"total_revenue":92781},
{"offer_id":"8695571998","offer":"neque duis bibendum morbi","category":"specials","offer_date":"12/14/2021","ratings":1,"total_bookings":318,"total_revenue":28820},
{"offer_id":"2038840962","offer":"augue quam sollicitudin","category":"events","offer_date":"1/27/2022","ratings":5,"total_bookings":956,"total_revenue":24188},
{"offer_id":"3420726570","offer":"suspendisse accumsan tortor quis turpis","category":"events","offer_date":"4/3/2022","ratings":1,"total_bookings":554,"total_revenue":73332},
{"offer_id":"8157622395","offer":"commodo placerat praesent blandit","category":"specials","offer_date":"5/1/2022","ratings":3,"total_bookings":691,"total_revenue":98878},
{"offer_id":"5935892561","offer":"nulla nisl nunc nisl","category":"events","offer_date":"3/29/2022","ratings":5,"total_bookings":791,"total_revenue":42485},
{"offer_id":"7596396895","offer":"amet nulla quisque arcu","category":"specials","offer_date":"3/25/2022","ratings":2,"total_bookings":326,"total_revenue":31220},
{"offer_id":"9116159721","offer":"eros viverra eget congue eget","category":"events","offer_date":"2/22/2022","ratings":1,"total_bookings":505,"total_revenue":8017},
{"offer_id":"0047191708","offer":"ultrices posuere cubilia curae duis","category":"events","offer_date":"3/28/2022","ratings":2,"total_bookings":642,"total_revenue":85078},
{"offer_id":"8091447272","offer":"primis in faucibus","category":"specials","offer_date":"6/18/2021","ratings":5,"total_bookings":234,"total_revenue":29442},
{"offer_id":"7068180604","offer":"libero quis orci","category":"specials","offer_date":"9/14/2021","ratings":5,"total_bookings":494,"total_revenue":43425},
{"offer_id":"9497878664","offer":"mattis egestas metus aenean fermentum","category":"specials","offer_date":"3/20/2022","ratings":5,"total_bookings":833,"total_revenue":60089},
{"offer_id":"3219384595","offer":"aliquam augue quam sollicitudin","category":"openings","offer_date":"9/22/2021","ratings":4,"total_bookings":256,"total_revenue":25803},
{"offer_id":"7478557856","offer":"tincidunt lacus at velit","category":"openings","offer_date":"12/28/2021","ratings":5,"total_bookings":825,"total_revenue":42317},
{"offer_id":"5604105325","offer":"donec quis orci","category":"events","offer_date":"3/14/2022","ratings":1,"total_bookings":653,"total_revenue":88724},
{"offer_id":"7981905044","offer":"aliquam quis turpis eget","category":"events","offer_date":"12/29/2021","ratings":5,"total_bookings":827,"total_revenue":50499},
{"offer_id":"6731715565","offer":"at diam nam tristique","category":"openings","offer_date":"11/16/2021","ratings":5,"total_bookings":146,"total_revenue":72228},
{"offer_id":"8641064346","offer":"iaculis congue vivamus metus arcu","category":"events","offer_date":"12/5/2021","ratings":2,"total_bookings":52,"total_revenue":45316},
{"offer_id":"5988791654","offer":"adipiscing molestie hendrerit at vulputate","category":"specials","offer_date":"2/11/2022","ratings":1,"total_bookings":765,"total_revenue":13757},
{"offer_id":"9716263880","offer":"at diam nam tristique","category":"events","offer_date":"7/31/2021","ratings":2,"total_bookings":612,"total_revenue":29994},
{"offer_id":"7539222964","offer":"odio odio elementum eu","category":"specials","offer_date":"4/9/2022","ratings":1,"total_bookings":258,"total_revenue":7129},
{"offer_id":"9533736623","offer":"eu est congue elementum in","category":"openings","offer_date":"1/23/2022","ratings":5,"total_bookings":629,"total_revenue":80833},
{"offer_id":"2987447329","offer":"vulputate luctus cum","category":"events","offer_date":"2/21/2022","ratings":3,"total_bookings":181,"total_revenue":74796},
{"offer_id":"9824598650","offer":"luctus et ultrices posuere","category":"specials","offer_date":"2/5/2022","ratings":4,"total_bookings":674,"total_revenue":25413},
{"offer_id":"2833638701","offer":"enim blandit mi","category":"specials","offer_date":"12/14/2021","ratings":4,"total_bookings":631,"total_revenue":34355},
{"offer_id":"7654960247","offer":"in felis donec semper sapien","category":"openings","offer_date":"8/4/2021","ratings":4,"total_bookings":212,"total_revenue":13004},
{"offer_id":"0111872456","offer":"amet turpis elementum ligula vehicula","category":"events","offer_date":"1/27/2022","ratings":4,"total_bookings":484,"total_revenue":38421},
{"offer_id":"1738861708","offer":"nam ultrices libero non","category":"events","offer_date":"2/23/2022","ratings":5,"total_bookings":637,"total_revenue":22283},
{"offer_id":"8692143758","offer":"suscipit ligula in","category":"events","offer_date":"10/29/2021","ratings":3,"total_bookings":690,"total_revenue":13649},
{"offer_id":"5214936745","offer":"luctus et ultrices posuere","category":"events","offer_date":"12/19/2021","ratings":3,"total_bookings":16,"total_revenue":76787},
{"offer_id":"8139385107","offer":"volutpat in congue etiam justo","category":"events","offer_date":"4/10/2022","ratings":5,"total_bookings":729,"total_revenue":23468},
{"offer_id":"3394196727","offer":"cursus urna ut tellus nulla","category":"specials","offer_date":"8/4/2021","ratings":4,"total_bookings":567,"total_revenue":61880},
{"offer_id":"5156661181","offer":"vestibulum aliquet ultrices","category":"events","offer_date":"1/2/2022","ratings":4,"total_bookings":630,"total_revenue":80932},
{"offer_id":"9709109936","offer":"eget orci vehicula condimentum","category":"openings","offer_date":"2/17/2022","ratings":5,"total_bookings":216,"total_revenue":87268},
{"offer_id":"2418047520","offer":"pellentesque at nulla suspendisse potenti","category":"specials","offer_date":"3/21/2022","ratings":1,"total_bookings":843,"total_revenue":91800},
{"offer_id":"8236288129","offer":"sociis natoque penatibus et magnis","category":"specials","offer_date":"5/30/2021","ratings":4,"total_bookings":330,"total_revenue":82734},
{"offer_id":"5438614644","offer":"tristique fusce congue diam","category":"specials","offer_date":"5/5/2021","ratings":3,"total_bookings":270,"total_revenue":97655},
{"offer_id":"2564332242","offer":"augue quam sollicitudin vitae","category":"events","offer_date":"12/17/2021","ratings":5,"total_bookings":972,"total_revenue":75098},
{"offer_id":"9905833358","offer":"consequat nulla nisl","category":"openings","offer_date":"11/22/2021","ratings":4,"total_bookings":497,"total_revenue":82997},
{"offer_id":"2833030479","offer":"dolor sit amet consectetuer","category":"openings","offer_date":"8/2/2021","ratings":3,"total_bookings":718,"total_revenue":64250},
{"offer_id":"2974401678","offer":"ut suscipit a","category":"events","offer_date":"7/10/2021","ratings":3,"total_bookings":650,"total_revenue":44196},
{"offer_id":"9577212476","offer":"ipsum integer a","category":"events","offer_date":"6/3/2021","ratings":2,"total_bookings":783,"total_revenue":80865},
{"offer_id":"8316920972","offer":"lectus in quam fringilla rhoncus","category":"openings","offer_date":"1/22/2022","ratings":1,"total_bookings":481,"total_revenue":12188},
{"offer_id":"3595958047","offer":"non interdum in","category":"openings","offer_date":"10/12/2021","ratings":2,"total_bookings":902,"total_revenue":50840},
{"offer_id":"8350899662","offer":"duis consequat dui","category":"events","offer_date":"8/18/2021","ratings":5,"total_bookings":67,"total_revenue":36300},
{"offer_id":"5222373908","offer":"sapien iaculis congue vivamus metus","category":"events","offer_date":"3/1/2022","ratings":4,"total_bookings":987,"total_revenue":54967},
{"offer_id":"7495705019","offer":"aliquet at feugiat","category":"events","offer_date":"6/21/2021","ratings":4,"total_bookings":487,"total_revenue":20751},
{"offer_id":"4244262059","offer":"et ultrices posuere","category":"openings","offer_date":"2/20/2022","ratings":2,"total_bookings":77,"total_revenue":21938},
{"offer_id":"0905974484","offer":"tellus nulla ut erat","category":"specials","offer_date":"6/8/2021","ratings":3,"total_bookings":518,"total_revenue":63230},
{"offer_id":"2603838008","offer":"orci pede venenatis non","category":"specials","offer_date":"2/10/2022","ratings":3,"total_bookings":894,"total_revenue":7930},
{"offer_id":"0109102673","offer":"urna ut tellus","category":"events","offer_date":"3/12/2022","ratings":5,"total_bookings":233,"total_revenue":72634},
{"offer_id":"4141236233","offer":"ut erat curabitur gravida nisi","category":"events","offer_date":"2/7/2022","ratings":4,"total_bookings":790,"total_revenue":91201},
{"offer_id":"0202113094","offer":"eget eros elementum","category":"openings","offer_date":"8/4/2021","ratings":5,"total_bookings":297,"total_revenue":68749},
{"offer_id":"2665750066","offer":"magna ac consequat metus","category":"specials","offer_date":"10/21/2021","ratings":2,"total_bookings":385,"total_revenue":68129},
{"offer_id":"1912002590","offer":"pede venenatis non sodales sed","category":"specials","offer_date":"12/19/2021","ratings":2,"total_bookings":681,"total_revenue":34420},
{"offer_id":"0271927240","offer":"tempor turpis nec","category":"events","offer_date":"3/29/2022","ratings":5,"total_bookings":750,"total_revenue":12820},
{"offer_id":"9748237850","offer":"id sapien in","category":"specials","offer_date":"8/29/2021","ratings":5,"total_bookings":239,"total_revenue":30524},
{"offer_id":"3141651485","offer":"odio porttitor id consequat in","category":"openings","offer_date":"11/7/2021","ratings":4,"total_bookings":306,"total_revenue":47823},
{"offer_id":"7438635732","offer":"nulla justo aliquam quis turpis","category":"openings","offer_date":"10/24/2021","ratings":1,"total_bookings":174,"total_revenue":10439},
{"offer_id":"8205269742","offer":"ultrices posuere cubilia curae","category":"openings","offer_date":"3/6/2022","ratings":4,"total_bookings":491,"total_revenue":2287},
{"offer_id":"5754465874","offer":"dolor vel est donec","category":"events","offer_date":"1/31/2022","ratings":3,"total_bookings":363,"total_revenue":3023},
{"offer_id":"8117709910","offer":"mollis molestie lorem quisque ut","category":"specials","offer_date":"11/6/2021","ratings":5,"total_bookings":383,"total_revenue":91577},
{"offer_id":"0924058137","offer":"mauris non ligula pellentesque ultrices","category":"specials","offer_date":"10/2/2021","ratings":4,"total_bookings":874,"total_revenue":63564},
{"offer_id":"4276284384","offer":"sem fusce consequat","category":"openings","offer_date":"5/7/2021","ratings":2,"total_bookings":830,"total_revenue":67784},
{"offer_id":"5887399597","offer":"lectus suspendisse potenti in","category":"specials","offer_date":"11/7/2021","ratings":4,"total_bookings":756,"total_revenue":1781},
{"offer_id":"9813540419","offer":"et eros vestibulum ac est","category":"specials","offer_date":"9/30/2021","ratings":4,"total_bookings":592,"total_revenue":73089},
{"offer_id":"8927753097","offer":"ipsum primis in faucibus","category":"specials","offer_date":"12/11/2021","ratings":3,"total_bookings":422,"total_revenue":93285},
{"offer_id":"8895000080","offer":"non sodales sed tincidunt","category":"events","offer_date":"5/29/2021","ratings":2,"total_bookings":505,"total_revenue":90851},
{"offer_id":"1351351664","offer":"enim in tempor","category":"specials","offer_date":"2/27/2022","ratings":4,"total_bookings":494,"total_revenue":81622},
{"offer_id":"3766029576","offer":"proin eu mi nulla","category":"specials","offer_date":"4/7/2022","ratings":2,"total_bookings":550,"total_revenue":51049},
{"offer_id":"9691736071","offer":"donec semper sapien","category":"openings","offer_date":"2/1/2022","ratings":1,"total_bookings":555,"total_revenue":56903},
{"offer_id":"6436106820","offer":"sit amet diam in","category":"events","offer_date":"4/20/2022","ratings":1,"total_bookings":765,"total_revenue":17330},
{"offer_id":"8128965123","offer":"aliquet massa id lobortis","category":"specials","offer_date":"9/21/2021","ratings":4,"total_bookings":577,"total_revenue":87324},
{"offer_id":"2985924529","offer":"eu tincidunt in leo","category":"events","offer_date":"7/2/2021","ratings":2,"total_bookings":522,"total_revenue":54824},
{"offer_id":"2736616006","offer":"tortor sollicitudin mi","category":"events","offer_date":"3/22/2022","ratings":1,"total_bookings":791,"total_revenue":93107},
{"offer_id":"1797024647","offer":"vestibulum velit id","category":"specials","offer_date":"4/4/2022","ratings":3,"total_bookings":281,"total_revenue":37139},
{"offer_id":"0140658157","offer":"erat eros viverra eget congue","category":"openings","offer_date":"11/24/2021","ratings":1,"total_bookings":353,"total_revenue":92889},
{"offer_id":"8230119848","offer":"eros suspendisse accumsan","category":"specials","offer_date":"7/25/2021","ratings":1,"total_bookings":535,"total_revenue":4102},
{"offer_id":"1822621380","offer":"in est risus auctor sed","category":"openings","offer_date":"4/26/2022","ratings":3,"total_bookings":929,"total_revenue":2839},
{"offer_id":"9266735566","offer":"ultrices mattis odio","category":"events","offer_date":"10/23/2021","ratings":5,"total_bookings":864,"total_revenue":98742},
{"offer_id":"7961558411","offer":"vulputate luctus cum","category":"openings","offer_date":"2/19/2022","ratings":1,"total_bookings":839,"total_revenue":23905},
{"offer_id":"9561362643","offer":"orci luctus et ultrices","category":"events","offer_date":"12/8/2021","ratings":1,"total_bookings":627,"total_revenue":78303},
{"offer_id":"7939642650","offer":"commodo placerat praesent","category":"openings","offer_date":"9/18/2021","ratings":1,"total_bookings":459,"total_revenue":29348},
{"offer_id":"9329728901","offer":"aliquam quis turpis eget elit","category":"events","offer_date":"8/14/2021","ratings":5,"total_bookings":549,"total_revenue":25786},
{"offer_id":"8153940473","offer":"justo maecenas rhoncus","category":"specials","offer_date":"5/7/2021","ratings":5,"total_bookings":269,"total_revenue":75852},
{"offer_id":"3426959607","offer":"nibh quisque id","category":"events","offer_date":"5/25/2021","ratings":5,"total_bookings":739,"total_revenue":28135},
{"offer_id":"1680852515","offer":"primis in faucibus orci luctus","category":"specials","offer_date":"5/23/2021","ratings":5,"total_bookings":278,"total_revenue":35183},
{"offer_id":"1507081448","offer":"rhoncus aliquet pulvinar","category":"openings","offer_date":"6/10/2021","ratings":3,"total_bookings":583,"total_revenue":88842},
{"offer_id":"0951273248","offer":"justo etiam pretium iaculis","category":"openings","offer_date":"2/9/2022","ratings":3,"total_bookings":79,"total_revenue":22248},
{"offer_id":"8467259345","offer":"euismod scelerisque quam turpis","category":"events","offer_date":"1/13/2022","ratings":4,"total_bookings":530,"total_revenue":8644},
{"offer_id":"8085103567","offer":"consectetuer adipiscing elit proin","category":"openings","offer_date":"5/18/2021","ratings":3,"total_bookings":385,"total_revenue":60382},
{"offer_id":"7616848702","offer":"ultrices posuere cubilia curae","category":"openings","offer_date":"7/1/2021","ratings":2,"total_bookings":800,"total_revenue":34693},
{"offer_id":"6079126281","offer":"quam suspendisse potenti nullam porttitor","category":"events","offer_date":"10/25/2021","ratings":2,"total_bookings":6,"total_revenue":28543},
{"offer_id":"9627659754","offer":"vestibulum sagittis sapien","category":"events","offer_date":"5/3/2021","ratings":4,"total_bookings":836,"total_revenue":93727},
{"offer_id":"9862394595","offer":"nibh fusce lacus purus","category":"openings","offer_date":"2/19/2022","ratings":4,"total_bookings":544,"total_revenue":18153},
{"offer_id":"7266636922","offer":"nunc viverra dapibus nulla suscipit","category":"specials","offer_date":"6/8/2021","ratings":5,"total_bookings":621,"total_revenue":82503},
{"offer_id":"7693010610","offer":"nibh in quis","category":"specials","offer_date":"5/15/2021","ratings":1,"total_bookings":345,"total_revenue":76483},
{"offer_id":"2188441737","offer":"ligula suspendisse ornare","category":"specials","offer_date":"9/11/2021","ratings":1,"total_bookings":447,"total_revenue":21127},
{"offer_id":"1433796651","offer":"amet eros suspendisse accumsan","category":"specials","offer_date":"1/5/2022","ratings":2,"total_bookings":441,"total_revenue":4553},
{"offer_id":"4292663300","offer":"nisl venenatis lacinia","category":"specials","offer_date":"7/21/2021","ratings":3,"total_bookings":752,"total_revenue":10138},
{"offer_id":"7685900556","offer":"nulla ac enim in tempor","category":"events","offer_date":"7/3/2021","ratings":2,"total_bookings":901,"total_revenue":57105},
{"offer_id":"3998727809","offer":"convallis morbi odio","category":"openings","offer_date":"2/17/2022","ratings":2,"total_bookings":245,"total_revenue":86025},
{"offer_id":"1057715654","offer":"tincidunt nulla mollis molestie lorem","category":"specials","offer_date":"6/24/2021","ratings":4,"total_bookings":213,"total_revenue":83501},
{"offer_id":"5985594815","offer":"etiam faucibus cursus","category":"specials","offer_date":"8/14/2021","ratings":3,"total_bookings":864,"total_revenue":39083},
{"offer_id":"7580869446","offer":"ligula nec sem duis aliquam","category":"specials","offer_date":"9/21/2021","ratings":4,"total_bookings":692,"total_revenue":84462},
{"offer_id":"4236327473","offer":"odio elementum eu interdum eu","category":"openings","offer_date":"10/10/2021","ratings":1,"total_bookings":266,"total_revenue":61608},
{"offer_id":"9388826124","offer":"curae mauris viverra","category":"specials","offer_date":"3/23/2022","ratings":5,"total_bookings":415,"total_revenue":4557},
{"offer_id":"2270285085","offer":"ultricies eu nibh quisque","category":"specials","offer_date":"11/30/2021","ratings":5,"total_bookings":972,"total_revenue":61522},
{"offer_id":"5375873133","offer":"velit id pretium iaculis","category":"events","offer_date":"4/30/2022","ratings":4,"total_bookings":85,"total_revenue":13380},
{"offer_id":"0961247274","offer":"sodales sed tincidunt eu","category":"events","offer_date":"7/12/2021","ratings":3,"total_bookings":880,"total_revenue":73316},
{"offer_id":"9699240024","offer":"a feugiat et","category":"openings","offer_date":"9/7/2021","ratings":4,"total_bookings":786,"total_revenue":16567},
{"offer_id":"1230209050","offer":"luctus rutrum nulla tellus in","category":"specials","offer_date":"12/6/2021","ratings":5,"total_bookings":615,"total_revenue":84626},
{"offer_id":"7565952877","offer":"est donec odio justo sollicitudin","category":"specials","offer_date":"12/5/2021","ratings":3,"total_bookings":439,"total_revenue":22566},
{"offer_id":"1698994168","offer":"dui nec nisi volutpat eleifend","category":"openings","offer_date":"9/23/2021","ratings":4,"total_bookings":243,"total_revenue":89619},
{"offer_id":"5994460761","offer":"ipsum ac tellus semper","category":"openings","offer_date":"8/2/2021","ratings":1,"total_bookings":648,"total_revenue":85171},
{"offer_id":"3456273487","offer":"ut massa volutpat convallis","category":"events","offer_date":"4/10/2022","ratings":5,"total_bookings":298,"total_revenue":95481},
{"offer_id":"2175177599","offer":"sit amet eros suspendisse","category":"openings","offer_date":"6/1/2021","ratings":5,"total_bookings":992,"total_revenue":17854},
{"offer_id":"6974212550","offer":"vestibulum sed magna","category":"events","offer_date":"2/20/2022","ratings":3,"total_bookings":449,"total_revenue":24079},
{"offer_id":"6716790047","offer":"nullam molestie nibh","category":"events","offer_date":"3/26/2022","ratings":2,"total_bookings":741,"total_revenue":95000},
{"offer_id":"3239443511","offer":"mollis molestie lorem","category":"events","offer_date":"9/19/2021","ratings":2,"total_bookings":887,"total_revenue":82735},
{"offer_id":"2150509660","offer":"est congue elementum in","category":"events","offer_date":"9/30/2021","ratings":3,"total_bookings":752,"total_revenue":809},
{"offer_id":"2639371991","offer":"velit eu est congue elementum","category":"events","offer_date":"9/3/2021","ratings":4,"total_bookings":731,"total_revenue":43180},
{"offer_id":"0164453431","offer":"suscipit ligula in lacus","category":"openings","offer_date":"11/30/2021","ratings":1,"total_bookings":148,"total_revenue":2349},
{"offer_id":"0129521264","offer":"tempor turpis nec euismod","category":"events","offer_date":"6/6/2021","ratings":1,"total_bookings":616,"total_revenue":13048},
{"offer_id":"4384822235","offer":"lacus at velit","category":"specials","offer_date":"10/14/2021","ratings":5,"total_bookings":189,"total_revenue":61316},
{"offer_id":"3102603939","offer":"quis augue luctus tincidunt","category":"openings","offer_date":"4/8/2022","ratings":1,"total_bookings":575,"total_revenue":85823},
{"offer_id":"2208713818","offer":"velit donec diam neque vestibulum","category":"specials","offer_date":"10/15/2021","ratings":1,"total_bookings":204,"total_revenue":64342},
{"offer_id":"7658991104","offer":"justo morbi ut odio cras","category":"openings","offer_date":"1/11/2022","ratings":5,"total_bookings":127,"total_revenue":42074},
{"offer_id":"6152330793","offer":"amet erat nulla tempus","category":"specials","offer_date":"8/15/2021","ratings":5,"total_bookings":643,"total_revenue":14354},
{"offer_id":"5902979242","offer":"sapien arcu sed","category":"openings","offer_date":"11/24/2021","ratings":5,"total_bookings":38,"total_revenue":26902},
{"offer_id":"7704652435","offer":"eget vulputate ut ultrices vel","category":"openings","offer_date":"9/29/2021","ratings":5,"total_bookings":989,"total_revenue":39295},
{"offer_id":"3459057769","offer":"convallis nunc proin at","category":"specials","offer_date":"1/29/2022","ratings":4,"total_bookings":97,"total_revenue":6472},
{"offer_id":"2720874906","offer":"volutpat convallis morbi odio","category":"specials","offer_date":"7/10/2021","ratings":2,"total_bookings":515,"total_revenue":30044},
{"offer_id":"4099640795","offer":"nascetur ridiculus mus etiam vel","category":"openings","offer_date":"4/10/2022","ratings":4,"total_bookings":404,"total_revenue":12606},
{"offer_id":"1481809865","offer":"elementum ligula vehicula consequat","category":"openings","offer_date":"9/23/2021","ratings":2,"total_bookings":952,"total_revenue":4029},
{"offer_id":"8413228204","offer":"elementum ligula vehicula","category":"specials","offer_date":"2/4/2022","ratings":4,"total_bookings":326,"total_revenue":32877},
{"offer_id":"7568977323","offer":"rutrum neque aenean auctor gravida","category":"openings","offer_date":"10/2/2021","ratings":4,"total_bookings":232,"total_revenue":85494},
{"offer_id":"0682751502","offer":"metus arcu adipiscing molestie hendrerit","category":"specials","offer_date":"5/29/2021","ratings":3,"total_bookings":680,"total_revenue":44065},
{"offer_id":"4536311084","offer":"pharetra magna ac consequat metus","category":"specials","offer_date":"11/22/2021","ratings":3,"total_bookings":974,"total_revenue":64533},
{"offer_id":"2928692886","offer":"praesent blandit lacinia erat vestibulum","category":"specials","offer_date":"3/23/2022","ratings":4,"total_bookings":644,"total_revenue":1779},
{"offer_id":"0984977562","offer":"nonummy maecenas tincidunt lacus","category":"specials","offer_date":"9/5/2021","ratings":1,"total_bookings":327,"total_revenue":87095},
{"offer_id":"8989100909","offer":"at dolor quis odio","category":"events","offer_date":"7/31/2021","ratings":3,"total_bookings":765,"total_revenue":74141},
{"offer_id":"1573573604","offer":"donec ut dolor","category":"specials","offer_date":"5/23/2021","ratings":3,"total_bookings":732,"total_revenue":13737},
{"offer_id":"8516425576","offer":"congue risus semper porta volutpat","category":"specials","offer_date":"6/26/2021","ratings":5,"total_bookings":155,"total_revenue":90049},
{"offer_id":"5656975371","offer":"nascetur ridiculus mus vivamus","category":"openings","offer_date":"12/25/2021","ratings":5,"total_bookings":210,"total_revenue":18902},
{"offer_id":"7001273481","offer":"massa id nisl venenatis lacinia","category":"openings","offer_date":"5/8/2021","ratings":2,"total_bookings":43,"total_revenue":69899},
{"offer_id":"5690169471","offer":"curae duis faucibus","category":"specials","offer_date":"10/8/2021","ratings":2,"total_bookings":446,"total_revenue":15536},
{"offer_id":"4279107157","offer":"in imperdiet et","category":"specials","offer_date":"12/24/2021","ratings":3,"total_bookings":512,"total_revenue":27831},
{"offer_id":"9979839031","offer":"primis in faucibus orci","category":"openings","offer_date":"6/20/2021","ratings":3,"total_bookings":844,"total_revenue":7965},
{"offer_id":"3038415448","offer":"ornare consequat lectus","category":"openings","offer_date":"3/3/2022","ratings":2,"total_bookings":142,"total_revenue":81485},
{"offer_id":"1014975786","offer":"quam pede lobortis ligula sit","category":"specials","offer_date":"12/27/2021","ratings":5,"total_bookings":972,"total_revenue":18531},
{"offer_id":"6618304768","offer":"velit eu est congue elementum","category":"openings","offer_date":"7/23/2021","ratings":2,"total_bookings":103,"total_revenue":60938},
{"offer_id":"2592348018","offer":"amet eleifend pede","category":"events","offer_date":"9/13/2021","ratings":5,"total_bookings":744,"total_revenue":82474},
{"offer_id":"8946011440","offer":"aliquam augue quam sollicitudin","category":"specials","offer_date":"7/18/2021","ratings":4,"total_bookings":393,"total_revenue":55738},
{"offer_id":"1199270695","offer":"in consequat ut nulla sed","category":"events","offer_date":"3/9/2022","ratings":1,"total_bookings":735,"total_revenue":44245},
{"offer_id":"9321894543","offer":"sapien in sapien iaculis","category":"openings","offer_date":"3/20/2022","ratings":2,"total_bookings":494,"total_revenue":75924},
{"offer_id":"8465263892","offer":"duis aliquam convallis","category":"openings","offer_date":"7/28/2021","ratings":3,"total_bookings":182,"total_revenue":60821},
{"offer_id":"3470924333","offer":"natoque penatibus et magnis","category":"events","offer_date":"10/5/2021","ratings":5,"total_bookings":644,"total_revenue":81598},
{"offer_id":"7384274923","offer":"cum sociis natoque penatibus","category":"specials","offer_date":"9/20/2021","ratings":1,"total_bookings":373,"total_revenue":44044},
{"offer_id":"3726711465","offer":"aliquet at feugiat","category":"events","offer_date":"5/20/2021","ratings":5,"total_bookings":102,"total_revenue":12210},
{"offer_id":"3553324155","offer":"nonummy maecenas tincidunt lacus at","category":"events","offer_date":"10/8/2021","ratings":3,"total_bookings":389,"total_revenue":68302},
{"offer_id":"3856933689","offer":"lorem quisque ut","category":"openings","offer_date":"1/10/2022","ratings":5,"total_bookings":356,"total_revenue":79561},
{"offer_id":"5103975238","offer":"ut tellus nulla ut erat","category":"openings","offer_date":"12/15/2021","ratings":3,"total_bookings":450,"total_revenue":79504},
{"offer_id":"9973443985","offer":"rhoncus sed vestibulum sit amet","category":"events","offer_date":"8/4/2021","ratings":5,"total_bookings":156,"total_revenue":12346},
{"offer_id":"4822050459","offer":"volutpat eleifend donec ut","category":"specials","offer_date":"7/27/2021","ratings":4,"total_bookings":721,"total_revenue":49251},
{"offer_id":"2171337443","offer":"in tempor turpis nec","category":"openings","offer_date":"5/29/2021","ratings":2,"total_bookings":928,"total_revenue":34208},
{"offer_id":"3002816272","offer":"pellentesque eget nunc donec quis","category":"specials","offer_date":"1/28/2022","ratings":5,"total_bookings":612,"total_revenue":85226},
{"offer_id":"3263867946","offer":"pede morbi porttitor lorem","category":"openings","offer_date":"5/15/2021","ratings":5,"total_bookings":137,"total_revenue":50198},
{"offer_id":"3813302938","offer":"hac habitasse platea dictumst","category":"events","offer_date":"10/4/2021","ratings":5,"total_bookings":133,"total_revenue":16603},
{"offer_id":"5463108323","offer":"platea dictumst maecenas ut","category":"specials","offer_date":"3/22/2022","ratings":1,"total_bookings":469,"total_revenue":53909},
{"offer_id":"2970572303","offer":"sapien arcu sed","category":"specials","offer_date":"12/8/2021","ratings":4,"total_bookings":786,"total_revenue":89234},
{"offer_id":"9420279456","offer":"integer tincidunt ante vel ipsum","category":"specials","offer_date":"11/25/2021","ratings":5,"total_bookings":61,"total_revenue":26543},
{"offer_id":"6189878946","offer":"quisque id justo","category":"openings","offer_date":"6/13/2021","ratings":4,"total_bookings":631,"total_revenue":30650},
{"offer_id":"8123699786","offer":"in est risus auctor","category":"openings","offer_date":"10/12/2021","ratings":3,"total_bookings":271,"total_revenue":69504},
{"offer_id":"5205622830","offer":"molestie sed justo pellentesque viverra","category":"specials","offer_date":"3/21/2022","ratings":2,"total_bookings":852,"total_revenue":27954},
{"offer_id":"2423270151","offer":"quis augue luctus","category":"specials","offer_date":"12/21/2021","ratings":5,"total_bookings":75,"total_revenue":48932},
{"offer_id":"3544022788","offer":"id ligula suspendisse ornare","category":"events","offer_date":"12/27/2021","ratings":4,"total_bookings":919,"total_revenue":86447},
{"offer_id":"7371159063","offer":"iaculis congue vivamus metus arcu","category":"events","offer_date":"4/12/2022","ratings":2,"total_bookings":22,"total_revenue":63898},
{"offer_id":"1970796510","offer":"dolor quis odio consequat","category":"events","offer_date":"5/1/2022","ratings":1,"total_bookings":34,"total_revenue":92459},
{"offer_id":"6727992290","offer":"sagittis sapien cum sociis","category":"events","offer_date":"11/15/2021","ratings":1,"total_bookings":930,"total_revenue":47759},
{"offer_id":"0779425626","offer":"porttitor lorem id","category":"specials","offer_date":"1/24/2022","ratings":1,"total_bookings":698,"total_revenue":60052},
{"offer_id":"7116052445","offer":"nullam sit amet turpis","category":"specials","offer_date":"10/1/2021","ratings":5,"total_bookings":679,"total_revenue":40437},
{"offer_id":"0924181494","offer":"lectus pellentesque eget nunc","category":"openings","offer_date":"5/25/2021","ratings":1,"total_bookings":999,"total_revenue":39501},
{"offer_id":"7142597879","offer":"accumsan tellus nisi","category":"openings","offer_date":"2/10/2022","ratings":5,"total_bookings":799,"total_revenue":42776},
{"offer_id":"2522015036","offer":"lacinia eget tincidunt eget","category":"openings","offer_date":"5/18/2021","ratings":2,"total_bookings":361,"total_revenue":19779},
{"offer_id":"8938365905","offer":"orci nullam molestie nibh in","category":"events","offer_date":"2/12/2022","ratings":4,"total_bookings":101,"total_revenue":36746},
{"offer_id":"5362952757","offer":"velit nec nisi vulputate nonummy","category":"specials","offer_date":"6/14/2021","ratings":5,"total_bookings":509,"total_revenue":24276},
{"offer_id":"1149301627","offer":"in purus eu magna vulputate","category":"openings","offer_date":"5/3/2021","ratings":3,"total_bookings":937,"total_revenue":84541},
{"offer_id":"4544369282","offer":"odio consequat varius","category":"specials","offer_date":"10/16/2021","ratings":3,"total_bookings":173,"total_revenue":8222},
{"offer_id":"5918863265","offer":"metus sapien ut nunc","category":"specials","offer_date":"8/6/2021","ratings":1,"total_bookings":403,"total_revenue":86215},
{"offer_id":"0403207061","offer":"cras mi pede malesuada in","category":"specials","offer_date":"6/28/2021","ratings":4,"total_bookings":733,"total_revenue":77417},
{"offer_id":"3191806954","offer":"vestibulum sagittis sapien cum","category":"events","offer_date":"3/13/2022","ratings":3,"total_bookings":122,"total_revenue":29974},
{"offer_id":"1162943874","offer":"interdum mauris non ligula","category":"events","offer_date":"5/20/2021","ratings":1,"total_bookings":35,"total_revenue":31385},
{"offer_id":"1593115903","offer":"quisque id justo sit amet","category":"events","offer_date":"7/12/2021","ratings":2,"total_bookings":259,"total_revenue":10219},
{"offer_id":"3559606896","offer":"nullam orci pede venenatis","category":"openings","offer_date":"7/17/2021","ratings":4,"total_bookings":882,"total_revenue":37482},
{"offer_id":"5011772802","offer":"nibh in lectus pellentesque","category":"openings","offer_date":"12/10/2021","ratings":1,"total_bookings":754,"total_revenue":23717},
{"offer_id":"3432274459","offer":"vitae quam suspendisse potenti nullam","category":"events","offer_date":"8/9/2021","ratings":3,"total_bookings":555,"total_revenue":83212},
{"offer_id":"2654328090","offer":"etiam vel augue vestibulum rutrum","category":"openings","offer_date":"7/29/2021","ratings":1,"total_bookings":379,"total_revenue":43958},
{"offer_id":"3978880156","offer":"lobortis sapien sapien non mi","category":"events","offer_date":"7/1/2021","ratings":1,"total_bookings":6,"total_revenue":60481},
{"offer_id":"6440426834","offer":"amet consectetuer adipiscing","category":"events","offer_date":"7/26/2021","ratings":2,"total_bookings":498,"total_revenue":59378},
{"offer_id":"6925936931","offer":"nisi vulputate nonummy maecenas","category":"events","offer_date":"10/13/2021","ratings":3,"total_bookings":130,"total_revenue":3959},
{"offer_id":"5695857627","offer":"diam erat fermentum","category":"openings","offer_date":"5/13/2021","ratings":1,"total_bookings":73,"total_revenue":98257},
{"offer_id":"2667047346","offer":"porttitor lacus at turpis donec","category":"specials","offer_date":"10/12/2021","ratings":3,"total_bookings":24,"total_revenue":73919},
{"offer_id":"9591387822","offer":"duis consequat dui nec nisi","category":"specials","offer_date":"12/23/2021","ratings":3,"total_bookings":316,"total_revenue":34105},
{"offer_id":"2947984196","offer":"morbi vel lectus","category":"specials","offer_date":"9/24/2021","ratings":2,"total_bookings":532,"total_revenue":94195},
{"offer_id":"9908309331","offer":"purus eu magna vulputate luctus","category":"openings","offer_date":"4/13/2022","ratings":4,"total_bookings":345,"total_revenue":37273},
{"offer_id":"0816158118","offer":"interdum mauris non ligula","category":"events","offer_date":"10/21/2021","ratings":5,"total_bookings":871,"total_revenue":25305},
{"offer_id":"7416963311","offer":"neque libero convallis","category":"openings","offer_date":"9/4/2021","ratings":4,"total_bookings":754,"total_revenue":92114},
{"offer_id":"5377381726","offer":"lobortis vel dapibus","category":"specials","offer_date":"10/2/2021","ratings":1,"total_bookings":940,"total_revenue":77219},
{"offer_id":"5381264712","offer":"sit amet turpis elementum ligula","category":"events","offer_date":"11/18/2021","ratings":2,"total_bookings":811,"total_revenue":52998},
{"offer_id":"1420694464","offer":"cras in purus","category":"openings","offer_date":"9/26/2021","ratings":1,"total_bookings":616,"total_revenue":38022},
{"offer_id":"3330538074","offer":"vestibulum ante ipsum","category":"events","offer_date":"9/1/2021","ratings":4,"total_bookings":304,"total_revenue":55683},
{"offer_id":"6897835676","offer":"sociis natoque penatibus et magnis","category":"specials","offer_date":"4/15/2022","ratings":5,"total_bookings":881,"total_revenue":71242},
{"offer_id":"3323549473","offer":"mauris lacinia sapien quis","category":"events","offer_date":"1/29/2022","ratings":5,"total_bookings":109,"total_revenue":50970},
{"offer_id":"5413989687","offer":"odio condimentum id luctus nec","category":"openings","offer_date":"11/27/2021","ratings":4,"total_bookings":944,"total_revenue":36159},
{"offer_id":"7072316191","offer":"ultrices mattis odio","category":"specials","offer_date":"4/16/2022","ratings":3,"total_bookings":914,"total_revenue":46123},
{"offer_id":"4991256879","offer":"orci nullam molestie nibh in","category":"specials","offer_date":"5/7/2021","ratings":2,"total_bookings":16,"total_revenue":32309},
{"offer_id":"5450859538","offer":"curae nulla dapibus dolor","category":"events","offer_date":"7/24/2021","ratings":4,"total_bookings":672,"total_revenue":33698},
{"offer_id":"4562889497","offer":"non mauris morbi","category":"events","offer_date":"12/19/2021","ratings":1,"total_bookings":645,"total_revenue":16586},
{"offer_id":"9514914910","offer":"consequat nulla nisl nunc","category":"events","offer_date":"11/10/2021","ratings":2,"total_bookings":895,"total_revenue":47666},
{"offer_id":"0957881517","offer":"condimentum id luctus nec molestie","category":"specials","offer_date":"8/12/2021","ratings":4,"total_bookings":245,"total_revenue":53374},
{"offer_id":"3097494685","offer":"ut suscipit a feugiat","category":"specials","offer_date":"3/20/2022","ratings":2,"total_bookings":820,"total_revenue":54546},
{"offer_id":"2866312872","offer":"risus dapibus augue","category":"openings","offer_date":"2/10/2022","ratings":1,"total_bookings":18,"total_revenue":75028},
{"offer_id":"8621903431","offer":"enim blandit mi in","category":"openings","offer_date":"4/25/2022","ratings":3,"total_bookings":597,"total_revenue":97365},
{"offer_id":"5853522809","offer":"sed tincidunt eu felis","category":"openings","offer_date":"2/2/2022","ratings":2,"total_bookings":582,"total_revenue":37816},
{"offer_id":"1156365074","offer":"cubilia curae nulla dapibus","category":"specials","offer_date":"2/28/2022","ratings":4,"total_bookings":786,"total_revenue":2461},
{"offer_id":"7853672144","offer":"condimentum neque sapien placerat ante","category":"specials","offer_date":"2/9/2022","ratings":5,"total_bookings":554,"total_revenue":7097},
{"offer_id":"9715617093","offer":"convallis eget eleifend luctus","category":"openings","offer_date":"5/10/2021","ratings":1,"total_bookings":350,"total_revenue":58401},
{"offer_id":"1764998804","offer":"in porttitor pede justo eu","category":"openings","offer_date":"9/2/2021","ratings":5,"total_bookings":415,"total_revenue":95890},
{"offer_id":"0946177325","offer":"iaculis justo in hac","category":"specials","offer_date":"9/26/2021","ratings":4,"total_bookings":130,"total_revenue":97998},
{"offer_id":"8995023783","offer":"pretium iaculis justo in hac","category":"events","offer_date":"10/23/2021","ratings":3,"total_bookings":184,"total_revenue":30324},
{"offer_id":"3736413378","offer":"eleifend quam a odio in","category":"events","offer_date":"8/12/2021","ratings":4,"total_bookings":975,"total_revenue":36955},
{"offer_id":"7832768134","offer":"amet justo morbi ut odio","category":"openings","offer_date":"12/1/2021","ratings":2,"total_bookings":156,"total_revenue":73585},
{"offer_id":"9247081211","offer":"nulla ultrices aliquet maecenas leo","category":"events","offer_date":"12/16/2021","ratings":5,"total_bookings":287,"total_revenue":41791},
{"offer_id":"9726898161","offer":"non mattis pulvinar nulla","category":"events","offer_date":"11/2/2021","ratings":3,"total_bookings":109,"total_revenue":30892},
{"offer_id":"9986710065","offer":"tempor convallis nulla neque libero","category":"specials","offer_date":"7/1/2021","ratings":4,"total_bookings":209,"total_revenue":29863},
{"offer_id":"9194062404","offer":"eget elit sodales scelerisque","category":"specials","offer_date":"4/7/2022","ratings":5,"total_bookings":61,"total_revenue":1200},
{"offer_id":"2261220251","offer":"primis in faucibus orci","category":"events","offer_date":"4/8/2022","ratings":1,"total_bookings":721,"total_revenue":18691},
{"offer_id":"5730198574","offer":"scelerisque quam turpis adipiscing lorem","category":"specials","offer_date":"7/29/2021","ratings":1,"total_bookings":128,"total_revenue":12673},
{"offer_id":"1207637300","offer":"in faucibus orci luctus","category":"events","offer_date":"10/23/2021","ratings":2,"total_bookings":896,"total_revenue":22200},
{"offer_id":"0388024062","offer":"maecenas tincidunt lacus","category":"events","offer_date":"9/1/2021","ratings":5,"total_bookings":23,"total_revenue":86578},
{"offer_id":"2435770421","offer":"cras in purus","category":"openings","offer_date":"6/20/2021","ratings":5,"total_bookings":493,"total_revenue":2680},
{"offer_id":"1819485749","offer":"parturient montes nascetur ridiculus mus","category":"openings","offer_date":"5/13/2021","ratings":4,"total_bookings":551,"total_revenue":97553},
{"offer_id":"2209694515","offer":"vulputate justo in blandit ultrices","category":"specials","offer_date":"6/7/2021","ratings":4,"total_bookings":332,"total_revenue":64970},
{"offer_id":"8428112479","offer":"sit amet eleifend pede","category":"specials","offer_date":"11/23/2021","ratings":1,"total_bookings":416,"total_revenue":78523},
{"offer_id":"7034917000","offer":"diam cras pellentesque","category":"events","offer_date":"10/29/2021","ratings":1,"total_bookings":142,"total_revenue":41777},
{"offer_id":"9750474589","offer":"ultrices libero non mattis","category":"openings","offer_date":"2/10/2022","ratings":3,"total_bookings":208,"total_revenue":73252},
{"offer_id":"7195518302","offer":"curae donec pharetra magna vestibulum","category":"events","offer_date":"5/18/2021","ratings":5,"total_bookings":331,"total_revenue":59705},
{"offer_id":"5361249858","offer":"quam suspendisse potenti nullam","category":"openings","offer_date":"6/2/2021","ratings":4,"total_bookings":658,"total_revenue":60830},
{"offer_id":"1133447090","offer":"massa volutpat convallis morbi","category":"specials","offer_date":"3/8/2022","ratings":3,"total_bookings":401,"total_revenue":81447},
{"offer_id":"7502953221","offer":"risus dapibus augue","category":"openings","offer_date":"11/8/2021","ratings":4,"total_bookings":22,"total_revenue":52980},
{"offer_id":"5717363192","offer":"tristique in tempus sit amet","category":"events","offer_date":"9/24/2021","ratings":2,"total_bookings":869,"total_revenue":61200},
{"offer_id":"0703966766","offer":"ligula suspendisse ornare consequat","category":"events","offer_date":"3/10/2022","ratings":4,"total_bookings":651,"total_revenue":90795},
{"offer_id":"4553637316","offer":"eget tempus vel","category":"events","offer_date":"2/5/2022","ratings":1,"total_bookings":94,"total_revenue":1440},
{"offer_id":"3712219342","offer":"primis in faucibus orci luctus","category":"events","offer_date":"3/4/2022","ratings":3,"total_bookings":616,"total_revenue":49222},
{"offer_id":"0308912047","offer":"ullamcorper augue a suscipit nulla","category":"openings","offer_date":"8/25/2021","ratings":5,"total_bookings":580,"total_revenue":4212},
{"offer_id":"4349049428","offer":"felis sed interdum venenatis turpis","category":"specials","offer_date":"5/7/2021","ratings":3,"total_bookings":187,"total_revenue":39335},
{"offer_id":"0640985637","offer":"lectus pellentesque at nulla","category":"openings","offer_date":"7/6/2021","ratings":1,"total_bookings":360,"total_revenue":76024},
{"offer_id":"8524640464","offer":"metus aenean fermentum","category":"events","offer_date":"6/23/2021","ratings":3,"total_bookings":765,"total_revenue":78504},
{"offer_id":"5492067796","offer":"lectus pellentesque at","category":"specials","offer_date":"11/23/2021","ratings":4,"total_bookings":357,"total_revenue":24431},
{"offer_id":"2672178216","offer":"nunc nisl duis bibendum","category":"specials","offer_date":"12/4/2021","ratings":3,"total_bookings":651,"total_revenue":30665},
{"offer_id":"6397505855","offer":"scelerisque quam turpis","category":"specials","offer_date":"3/23/2022","ratings":1,"total_bookings":382,"total_revenue":83311},
{"offer_id":"1661577369","offer":"risus praesent lectus","category":"events","offer_date":"4/9/2022","ratings":3,"total_bookings":111,"total_revenue":10482},
{"offer_id":"4074310201","offer":"pede malesuada in imperdiet et","category":"events","offer_date":"11/15/2021","ratings":4,"total_bookings":144,"total_revenue":8177},
{"offer_id":"5405838578","offer":"id lobortis convallis","category":"specials","offer_date":"10/25/2021","ratings":3,"total_bookings":476,"total_revenue":72766},
{"offer_id":"1492672203","offer":"porta volutpat erat quisque erat","category":"specials","offer_date":"6/22/2021","ratings":5,"total_bookings":562,"total_revenue":91206},
{"offer_id":"3534969588","offer":"amet eleifend pede libero","category":"specials","offer_date":"11/15/2021","ratings":5,"total_bookings":960,"total_revenue":36667},
{"offer_id":"8715620808","offer":"volutpat convallis morbi odio odio","category":"events","offer_date":"9/17/2021","ratings":1,"total_bookings":609,"total_revenue":76473},
{"offer_id":"8378284069","offer":"congue diam id ornare imperdiet","category":"openings","offer_date":"9/13/2021","ratings":3,"total_bookings":449,"total_revenue":91302},
{"offer_id":"7683316148","offer":"et magnis dis parturient","category":"events","offer_date":"6/14/2021","ratings":3,"total_bookings":310,"total_revenue":167},
{"offer_id":"8802386390","offer":"mauris lacinia sapien quis","category":"openings","offer_date":"10/3/2021","ratings":1,"total_bookings":317,"total_revenue":64007},
{"offer_id":"3099837180","offer":"et eros vestibulum ac","category":"openings","offer_date":"2/5/2022","ratings":5,"total_bookings":513,"total_revenue":21456},
{"offer_id":"0595933998","offer":"etiam justo etiam pretium","category":"events","offer_date":"6/11/2021","ratings":3,"total_bookings":16,"total_revenue":80608},
{"offer_id":"1097237532","offer":"ac nulla sed vel enim","category":"openings","offer_date":"11/9/2021","ratings":4,"total_bookings":65,"total_revenue":79117},
{"offer_id":"2876311518","offer":"ut odio cras mi pede","category":"specials","offer_date":"8/25/2021","ratings":5,"total_bookings":200,"total_revenue":9073},
{"offer_id":"8573558288","offer":"erat curabitur gravida","category":"specials","offer_date":"1/19/2022","ratings":1,"total_bookings":896,"total_revenue":25155},
{"offer_id":"1074807863","offer":"placerat praesent blandit nam","category":"specials","offer_date":"5/6/2021","ratings":1,"total_bookings":351,"total_revenue":8544},
{"offer_id":"2790455821","offer":"quam sapien varius ut blandit","category":"specials","offer_date":"2/27/2022","ratings":5,"total_bookings":458,"total_revenue":8173},
{"offer_id":"5863124776","offer":"lorem ipsum dolor sit","category":"events","offer_date":"6/1/2021","ratings":1,"total_bookings":208,"total_revenue":86025},
{"offer_id":"8404627096","offer":"sapien non mi integer","category":"openings","offer_date":"4/8/2022","ratings":3,"total_bookings":761,"total_revenue":64433},
{"offer_id":"0246255048","offer":"mus vivamus vestibulum sagittis sapien","category":"specials","offer_date":"11/5/2021","ratings":3,"total_bookings":189,"total_revenue":23186},
{"offer_id":"5831749797","offer":"dis parturient montes nascetur","category":"events","offer_date":"6/15/2021","ratings":5,"total_bookings":480,"total_revenue":17059},
{"offer_id":"1781941734","offer":"lobortis vel dapibus","category":"specials","offer_date":"3/23/2022","ratings":2,"total_bookings":889,"total_revenue":52284},
{"offer_id":"7955988884","offer":"massa quis augue","category":"events","offer_date":"5/24/2021","ratings":4,"total_bookings":924,"total_revenue":67452},
{"offer_id":"3709933498","offer":"ipsum praesent blandit","category":"specials","offer_date":"2/25/2022","ratings":3,"total_bookings":79,"total_revenue":27828},
{"offer_id":"4867027871","offer":"id massa id","category":"events","offer_date":"5/23/2021","ratings":1,"total_bookings":328,"total_revenue":69049},
{"offer_id":"7337195206","offer":"posuere felis sed lacus morbi","category":"events","offer_date":"6/27/2021","ratings":3,"total_bookings":302,"total_revenue":41418},
{"offer_id":"7413668408","offer":"nisl ut volutpat","category":"specials","offer_date":"12/5/2021","ratings":5,"total_bookings":793,"total_revenue":54851},
{"offer_id":"5412992730","offer":"in lectus pellentesque at","category":"events","offer_date":"5/16/2021","ratings":1,"total_bookings":84,"total_revenue":98396},
{"offer_id":"1859814778","offer":"non velit nec nisi vulputate","category":"specials","offer_date":"11/18/2021","ratings":3,"total_bookings":736,"total_revenue":65590},
{"offer_id":"7509075564","offer":"placerat ante nulla justo","category":"specials","offer_date":"9/15/2021","ratings":2,"total_bookings":258,"total_revenue":97720},
{"offer_id":"5457634108","offer":"quis turpis sed ante","category":"specials","offer_date":"5/1/2022","ratings":5,"total_bookings":191,"total_revenue":75414},
{"offer_id":"3976421014","offer":"justo in hac habitasse platea","category":"specials","offer_date":"1/10/2022","ratings":1,"total_bookings":50,"total_revenue":32014},
{"offer_id":"5427488693","offer":"et magnis dis","category":"openings","offer_date":"6/2/2021","ratings":5,"total_bookings":902,"total_revenue":27942},
{"offer_id":"5447116147","offer":"in imperdiet et commodo","category":"events","offer_date":"9/2/2021","ratings":1,"total_bookings":739,"total_revenue":61290},
{"offer_id":"8033942010","offer":"justo etiam pretium iaculis justo","category":"events","offer_date":"1/22/2022","ratings":4,"total_bookings":367,"total_revenue":1593},
{"offer_id":"0440912733","offer":"hendrerit at vulputate vitae","category":"openings","offer_date":"3/31/2022","ratings":5,"total_bookings":764,"total_revenue":48268},
{"offer_id":"3424822450","offer":"sapien sapien non","category":"openings","offer_date":"4/4/2022","ratings":2,"total_bookings":651,"total_revenue":56884},
{"offer_id":"8219354828","offer":"ullamcorper purus sit amet nulla","category":"specials","offer_date":"8/14/2021","ratings":3,"total_bookings":484,"total_revenue":53976},
{"offer_id":"5393625766","offer":"ut erat id mauris","category":"openings","offer_date":"2/20/2022","ratings":3,"total_bookings":996,"total_revenue":99398},
{"offer_id":"3061812776","offer":"arcu libero rutrum","category":"specials","offer_date":"12/16/2021","ratings":5,"total_bookings":684,"total_revenue":59943},
{"offer_id":"4257282916","offer":"nisi nam ultrices libero non","category":"specials","offer_date":"12/24/2021","ratings":1,"total_bookings":46,"total_revenue":4597},
{"offer_id":"5694186052","offer":"cras in purus","category":"specials","offer_date":"7/19/2021","ratings":4,"total_bookings":192,"total_revenue":32362},
{"offer_id":"1717556973","offer":"sit amet eleifend pede libero","category":"specials","offer_date":"11/6/2021","ratings":4,"total_bookings":73,"total_revenue":71131},
{"offer_id":"3970460263","offer":"libero convallis eget eleifend","category":"events","offer_date":"7/22/2021","ratings":5,"total_bookings":810,"total_revenue":87724},
{"offer_id":"7513240647","offer":"nec molestie sed","category":"openings","offer_date":"8/26/2021","ratings":5,"total_bookings":713,"total_revenue":87915},
{"offer_id":"0324404301","offer":"nulla sed accumsan felis ut","category":"specials","offer_date":"4/27/2022","ratings":3,"total_bookings":671,"total_revenue":83670},
{"offer_id":"6071813808","offer":"nunc donec quis orci eget","category":"specials","offer_date":"11/9/2021","ratings":3,"total_bookings":939,"total_revenue":75004},
{"offer_id":"5080832053","offer":"dui nec nisi","category":"events","offer_date":"3/26/2022","ratings":1,"total_bookings":421,"total_revenue":4720},
{"offer_id":"7333435385","offer":"vel nisl duis ac","category":"events","offer_date":"2/18/2022","ratings":3,"total_bookings":337,"total_revenue":83757},
{"offer_id":"7837201043","offer":"in felis eu sapien cursus","category":"events","offer_date":"7/12/2021","ratings":5,"total_bookings":95,"total_revenue":49336},
{"offer_id":"4932615604","offer":"sem mauris laoreet","category":"events","offer_date":"9/18/2021","ratings":3,"total_bookings":533,"total_revenue":65789},
{"offer_id":"7802832829","offer":"luctus et ultrices","category":"specials","offer_date":"1/12/2022","ratings":3,"total_bookings":617,"total_revenue":90851},
{"offer_id":"5194260814","offer":"non sodales sed tincidunt","category":"events","offer_date":"10/9/2021","ratings":5,"total_bookings":904,"total_revenue":21293},
{"offer_id":"4904539583","offer":"tempor convallis nulla","category":"events","offer_date":"8/10/2021","ratings":3,"total_bookings":22,"total_revenue":80713},
{"offer_id":"7910828586","offer":"fusce posuere felis sed","category":"specials","offer_date":"7/27/2021","ratings":3,"total_bookings":197,"total_revenue":49012},
{"offer_id":"9520898190","offer":"pulvinar nulla pede ullamcorper","category":"openings","offer_date":"9/5/2021","ratings":5,"total_bookings":635,"total_revenue":2191},
{"offer_id":"0684821842","offer":"neque libero convallis eget","category":"specials","offer_date":"10/29/2021","ratings":3,"total_bookings":491,"total_revenue":12619},
{"offer_id":"9456503364","offer":"nisi eu orci mauris","category":"specials","offer_date":"2/26/2022","ratings":5,"total_bookings":539,"total_revenue":47019},
{"offer_id":"0431451869","offer":"mattis pulvinar nulla pede","category":"events","offer_date":"7/24/2021","ratings":4,"total_bookings":133,"total_revenue":14251},
{"offer_id":"7030283473","offer":"in eleifend quam","category":"specials","offer_date":"10/31/2021","ratings":2,"total_bookings":973,"total_revenue":71812},
{"offer_id":"2302640748","offer":"hac habitasse platea dictumst","category":"openings","offer_date":"11/18/2021","ratings":4,"total_bookings":562,"total_revenue":68064},
{"offer_id":"2351325702","offer":"pretium quis lectus suspendisse","category":"events","offer_date":"4/5/2022","ratings":5,"total_bookings":622,"total_revenue":72200},
{"offer_id":"1183521588","offer":"penatibus et magnis dis","category":"openings","offer_date":"5/22/2021","ratings":1,"total_bookings":793,"total_revenue":354},
{"offer_id":"7341143460","offer":"lobortis est phasellus","category":"events","offer_date":"5/9/2021","ratings":2,"total_bookings":515,"total_revenue":17234},
{"offer_id":"3221120915","offer":"ac est lacinia nisi","category":"openings","offer_date":"11/14/2021","ratings":3,"total_bookings":630,"total_revenue":58402},
{"offer_id":"3947522150","offer":"est phasellus sit amet erat","category":"specials","offer_date":"9/15/2021","ratings":1,"total_bookings":79,"total_revenue":60239},
{"offer_id":"7722324800","offer":"quam pede lobortis ligula sit","category":"openings","offer_date":"9/22/2021","ratings":4,"total_bookings":196,"total_revenue":4045},
{"offer_id":"1648271847","offer":"et ultrices posuere cubilia","category":"events","offer_date":"3/16/2022","ratings":2,"total_bookings":185,"total_revenue":15130},
{"offer_id":"4665566623","offer":"posuere felis sed lacus morbi","category":"openings","offer_date":"1/28/2022","ratings":3,"total_bookings":734,"total_revenue":26596},
{"offer_id":"8723214953","offer":"odio curabitur convallis duis","category":"openings","offer_date":"5/29/2021","ratings":3,"total_bookings":281,"total_revenue":32768},
{"offer_id":"1269420240","offer":"ut odio cras","category":"events","offer_date":"6/21/2021","ratings":2,"total_bookings":388,"total_revenue":6958},
{"offer_id":"8243428682","offer":"enim sit amet nunc","category":"openings","offer_date":"5/3/2021","ratings":5,"total_bookings":683,"total_revenue":83662},
{"offer_id":"6351831350","offer":"venenatis non sodales sed","category":"openings","offer_date":"4/23/2022","ratings":4,"total_bookings":320,"total_revenue":72091},
{"offer_id":"4394943213","offer":"habitasse platea dictumst etiam","category":"events","offer_date":"12/16/2021","ratings":1,"total_bookings":645,"total_revenue":11343},
{"offer_id":"8972725161","offer":"rutrum nulla nunc purus phasellus","category":"openings","offer_date":"3/10/2022","ratings":3,"total_bookings":476,"total_revenue":60428},
{"offer_id":"9317277284","offer":"gravida sem praesent id","category":"openings","offer_date":"2/23/2022","ratings":5,"total_bookings":266,"total_revenue":9510},
{"offer_id":"5354403146","offer":"eros suspendisse accumsan tortor","category":"events","offer_date":"9/8/2021","ratings":4,"total_bookings":715,"total_revenue":9449},
{"offer_id":"4697448855","offer":"blandit ultrices enim lorem ipsum","category":"openings","offer_date":"12/12/2021","ratings":5,"total_bookings":466,"total_revenue":32344},
{"offer_id":"1005684650","offer":"tempor turpis nec euismod scelerisque","category":"openings","offer_date":"4/3/2022","ratings":3,"total_bookings":322,"total_revenue":74878},
{"offer_id":"6589513120","offer":"nam nulla integer pede","category":"events","offer_date":"1/17/2022","ratings":5,"total_bookings":365,"total_revenue":98053},
{"offer_id":"9447057489","offer":"platea dictumst maecenas","category":"events","offer_date":"2/7/2022","ratings":1,"total_bookings":330,"total_revenue":566},
{"offer_id":"9327851978","offer":"ut dolor morbi","category":"specials","offer_date":"11/6/2021","ratings":3,"total_bookings":202,"total_revenue":99455},
{"offer_id":"4103704632","offer":"pretium nisl ut volutpat sapien","category":"events","offer_date":"10/7/2021","ratings":3,"total_bookings":940,"total_revenue":58750},
{"offer_id":"3554867527","offer":"in consequat ut nulla sed","category":"openings","offer_date":"7/17/2021","ratings":5,"total_bookings":919,"total_revenue":86957},
{"offer_id":"2322776661","offer":"vulputate nonummy maecenas tincidunt","category":"openings","offer_date":"1/5/2022","ratings":5,"total_bookings":322,"total_revenue":71541},
{"offer_id":"5680080362","offer":"etiam faucibus cursus urna ut","category":"specials","offer_date":"10/21/2021","ratings":1,"total_bookings":263,"total_revenue":39405},
{"offer_id":"7929277623","offer":"maecenas tristique est","category":"openings","offer_date":"11/6/2021","ratings":2,"total_bookings":314,"total_revenue":97896},
{"offer_id":"9292896032","offer":"maecenas ut massa quis","category":"openings","offer_date":"12/16/2021","ratings":2,"total_bookings":232,"total_revenue":68364},
{"offer_id":"6883921583","offer":"praesent id massa id","category":"openings","offer_date":"9/18/2021","ratings":1,"total_bookings":972,"total_revenue":24004},
{"offer_id":"0057791848","offer":"luctus cum sociis natoque","category":"openings","offer_date":"12/7/2021","ratings":2,"total_bookings":662,"total_revenue":64865},
{"offer_id":"6706853380","offer":"vel dapibus at","category":"events","offer_date":"11/26/2021","ratings":1,"total_bookings":165,"total_revenue":92552},
{"offer_id":"4696287297","offer":"cubilia curae duis","category":"openings","offer_date":"5/29/2021","ratings":2,"total_bookings":933,"total_revenue":39635},
{"offer_id":"5253733027","offer":"nunc commodo placerat praesent","category":"events","offer_date":"1/19/2022","ratings":2,"total_bookings":901,"total_revenue":51536},
{"offer_id":"7787028319","offer":"diam in magna","category":"openings","offer_date":"3/19/2022","ratings":3,"total_bookings":640,"total_revenue":89295},
{"offer_id":"5978720886","offer":"sodales scelerisque mauris sit amet","category":"events","offer_date":"7/1/2021","ratings":5,"total_bookings":553,"total_revenue":10780},
{"offer_id":"0754966402","offer":"quis odio consequat varius","category":"specials","offer_date":"5/14/2021","ratings":3,"total_bookings":921,"total_revenue":66101},
{"offer_id":"3655913583","offer":"sed augue aliquam","category":"openings","offer_date":"9/10/2021","ratings":1,"total_bookings":988,"total_revenue":80365},
{"offer_id":"0020533039","offer":"bibendum imperdiet nullam orci pede","category":"openings","offer_date":"1/9/2022","ratings":5,"total_bookings":264,"total_revenue":23513},
{"offer_id":"9707012048","offer":"justo etiam pretium iaculis justo","category":"openings","offer_date":"5/12/2021","ratings":5,"total_bookings":905,"total_revenue":51306},
{"offer_id":"4424298175","offer":"luctus tincidunt nulla mollis","category":"openings","offer_date":"2/2/2022","ratings":4,"total_bookings":438,"total_revenue":4063},
{"offer_id":"6177742319","offer":"in ante vestibulum ante ipsum","category":"specials","offer_date":"5/19/2021","ratings":5,"total_bookings":777,"total_revenue":50670},
{"offer_id":"4096127701","offer":"ante ipsum primis in","category":"specials","offer_date":"5/14/2021","ratings":2,"total_bookings":806,"total_revenue":26487},
{"offer_id":"1361682310","offer":"odio consequat varius integer ac","category":"openings","offer_date":"1/16/2022","ratings":4,"total_bookings":998,"total_revenue":40289},
{"offer_id":"2891783476","offer":"rutrum at lorem integer","category":"events","offer_date":"6/11/2021","ratings":4,"total_bookings":65,"total_revenue":23817},
{"offer_id":"2697879587","offer":"nulla sed accumsan felis ut","category":"events","offer_date":"10/3/2021","ratings":2,"total_bookings":204,"total_revenue":77901},
{"offer_id":"0769233279","offer":"posuere cubilia curae","category":"specials","offer_date":"1/21/2022","ratings":4,"total_bookings":911,"total_revenue":99006},
{"offer_id":"0776548379","offer":"vulputate vitae nisl","category":"specials","offer_date":"6/14/2021","ratings":5,"total_bookings":113,"total_revenue":40605},
{"offer_id":"8507834884","offer":"scelerisque mauris sit amet","category":"specials","offer_date":"8/4/2021","ratings":2,"total_bookings":74,"total_revenue":11114},
{"offer_id":"5439971661","offer":"at diam nam tristique tortor","category":"events","offer_date":"11/1/2021","ratings":5,"total_bookings":324,"total_revenue":14510},
{"offer_id":"9854346552","offer":"vitae ipsum aliquam non","category":"openings","offer_date":"2/4/2022","ratings":2,"total_bookings":161,"total_revenue":14772},
{"offer_id":"5152183994","offer":"elementum in hac habitasse platea","category":"specials","offer_date":"1/7/2022","ratings":5,"total_bookings":670,"total_revenue":6776},
{"offer_id":"7517197126","offer":"ligula pellentesque ultrices phasellus id","category":"specials","offer_date":"12/3/2021","ratings":3,"total_bookings":471,"total_revenue":18341},
{"offer_id":"6222407536","offer":"elit ac nulla sed","category":"specials","offer_date":"2/26/2022","ratings":5,"total_bookings":972,"total_revenue":87167},
{"offer_id":"0776976168","offer":"a feugiat et","category":"openings","offer_date":"10/12/2021","ratings":1,"total_bookings":831,"total_revenue":8647},
{"offer_id":"5399096986","offer":"eu nibh quisque id justo","category":"events","offer_date":"7/5/2021","ratings":4,"total_bookings":61,"total_revenue":30453},
{"offer_id":"4811164520","offer":"velit eu est congue","category":"events","offer_date":"6/9/2021","ratings":4,"total_bookings":764,"total_revenue":86153},
{"offer_id":"5515270622","offer":"a suscipit nulla elit ac","category":"specials","offer_date":"9/11/2021","ratings":1,"total_bookings":718,"total_revenue":14104},
{"offer_id":"7604056326","offer":"mus vivamus vestibulum","category":"openings","offer_date":"1/7/2022","ratings":1,"total_bookings":851,"total_revenue":44446},
{"offer_id":"5234480720","offer":"at feugiat non","category":"specials","offer_date":"4/25/2022","ratings":3,"total_bookings":499,"total_revenue":94360},
{"offer_id":"8027812011","offer":"et magnis dis","category":"specials","offer_date":"7/31/2021","ratings":3,"total_bookings":259,"total_revenue":88637},
{"offer_id":"0425148289","offer":"accumsan felis ut at","category":"openings","offer_date":"11/7/2021","ratings":2,"total_bookings":884,"total_revenue":59101},
{"offer_id":"9432113434","offer":"metus aenean fermentum donec ut","category":"specials","offer_date":"4/17/2022","ratings":1,"total_bookings":76,"total_revenue":47168},
{"offer_id":"9509905143","offer":"posuere cubilia curae mauris","category":"openings","offer_date":"4/27/2022","ratings":2,"total_bookings":619,"total_revenue":38701},
{"offer_id":"8331474775","offer":"interdum eu tincidunt in leo","category":"specials","offer_date":"9/5/2021","ratings":1,"total_bookings":890,"total_revenue":26672},
{"offer_id":"8696765354","offer":"amet turpis elementum","category":"events","offer_date":"1/13/2022","ratings":3,"total_bookings":368,"total_revenue":27221},
{"offer_id":"1256047309","offer":"dictumst aliquam augue","category":"specials","offer_date":"1/24/2022","ratings":3,"total_bookings":183,"total_revenue":64446},
{"offer_id":"6636741864","offer":"sollicitudin mi sit","category":"openings","offer_date":"9/12/2021","ratings":5,"total_bookings":356,"total_revenue":69908},
{"offer_id":"2148600958","offer":"justo eu massa donec","category":"specials","offer_date":"6/9/2021","ratings":2,"total_bookings":543,"total_revenue":47241},
{"offer_id":"2051296707","offer":"in magna bibendum","category":"specials","offer_date":"5/6/2021","ratings":5,"total_bookings":17,"total_revenue":12365},
{"offer_id":"9490376396","offer":"praesent blandit lacinia erat","category":"openings","offer_date":"8/14/2021","ratings":1,"total_bookings":797,"total_revenue":48892},
{"offer_id":"7829216150","offer":"adipiscing lorem vitae mattis","category":"events","offer_date":"7/11/2021","ratings":3,"total_bookings":724,"total_revenue":97952},
{"offer_id":"6774083412","offer":"felis donec semper","category":"events","offer_date":"9/24/2021","ratings":2,"total_bookings":910,"total_revenue":86583},
{"offer_id":"0982012624","offer":"pulvinar lobortis est","category":"openings","offer_date":"2/8/2022","ratings":2,"total_bookings":373,"total_revenue":92732},
{"offer_id":"1702233871","offer":"convallis eget eleifend","category":"specials","offer_date":"12/30/2021","ratings":2,"total_bookings":939,"total_revenue":89292},
{"offer_id":"5538648915","offer":"in felis eu sapien","category":"specials","offer_date":"2/28/2022","ratings":2,"total_bookings":866,"total_revenue":1146},
{"offer_id":"9874240644","offer":"lorem ipsum dolor sit","category":"events","offer_date":"7/7/2021","ratings":5,"total_bookings":472,"total_revenue":3069},
{"offer_id":"0345188322","offer":"cursus id turpis","category":"openings","offer_date":"10/21/2021","ratings":4,"total_bookings":1,"total_revenue":86830},
{"offer_id":"0139807853","offer":"leo maecenas pulvinar lobortis est","category":"events","offer_date":"8/27/2021","ratings":1,"total_bookings":29,"total_revenue":50048},
{"offer_id":"9122210962","offer":"luctus et ultrices","category":"specials","offer_date":"2/11/2022","ratings":5,"total_bookings":823,"total_revenue":6418},
{"offer_id":"9467604264","offer":"in leo maecenas pulvinar lobortis","category":"events","offer_date":"7/6/2021","ratings":2,"total_bookings":503,"total_revenue":97354},
{"offer_id":"6881184271","offer":"nunc purus phasellus in felis","category":"openings","offer_date":"11/9/2021","ratings":3,"total_bookings":611,"total_revenue":3856},
{"offer_id":"6149653064","offer":"tempus vivamus in felis","category":"specials","offer_date":"7/16/2021","ratings":1,"total_bookings":83,"total_revenue":95377},
{"offer_id":"5094779850","offer":"nibh in lectus pellentesque at","category":"specials","offer_date":"6/25/2021","ratings":2,"total_bookings":286,"total_revenue":63432},
{"offer_id":"7336260268","offer":"quis lectus suspendisse","category":"openings","offer_date":"3/3/2022","ratings":4,"total_bookings":441,"total_revenue":53577},
{"offer_id":"7326705771","offer":"nec sem duis aliquam convallis","category":"events","offer_date":"3/9/2022","ratings":1,"total_bookings":904,"total_revenue":18312},
{"offer_id":"6962922930","offer":"sed nisl nunc","category":"specials","offer_date":"5/2/2021","ratings":5,"total_bookings":291,"total_revenue":89513},
{"offer_id":"8094450339","offer":"ipsum dolor sit amet consectetuer","category":"openings","offer_date":"7/2/2021","ratings":5,"total_bookings":931,"total_revenue":39976},
{"offer_id":"3156796581","offer":"sapien sapien non mi integer","category":"openings","offer_date":"4/28/2022","ratings":2,"total_bookings":871,"total_revenue":54387},
{"offer_id":"3419410417","offer":"justo maecenas rhoncus aliquam lacus","category":"events","offer_date":"11/1/2021","ratings":2,"total_bookings":574,"total_revenue":62249},
{"offer_id":"1214024955","offer":"sit amet erat nulla","category":"events","offer_date":"10/23/2021","ratings":2,"total_bookings":782,"total_revenue":96138},
{"offer_id":"4572071659","offer":"id pretium iaculis","category":"events","offer_date":"9/21/2021","ratings":2,"total_bookings":803,"total_revenue":56935},
{"offer_id":"0264864565","offer":"erat volutpat in congue etiam","category":"openings","offer_date":"3/21/2022","ratings":5,"total_bookings":438,"total_revenue":42384},
{"offer_id":"2493156846","offer":"a nibh in","category":"openings","offer_date":"11/5/2021","ratings":4,"total_bookings":882,"total_revenue":17147},
{"offer_id":"6515387660","offer":"consequat varius integer ac leo","category":"events","offer_date":"2/3/2022","ratings":1,"total_bookings":446,"total_revenue":95082},
{"offer_id":"7323354293","offer":"nonummy integer non velit donec","category":"openings","offer_date":"9/1/2021","ratings":4,"total_bookings":967,"total_revenue":47249},
{"offer_id":"0206269536","offer":"libero nam dui","category":"events","offer_date":"4/12/2022","ratings":3,"total_bookings":674,"total_revenue":72305},
{"offer_id":"9096275144","offer":"sit amet cursus","category":"specials","offer_date":"2/5/2022","ratings":3,"total_bookings":262,"total_revenue":21768},
{"offer_id":"7370519961","offer":"venenatis non sodales sed tincidunt","category":"specials","offer_date":"1/4/2022","ratings":2,"total_bookings":773,"total_revenue":7462},
{"offer_id":"4134179858","offer":"in imperdiet et","category":"specials","offer_date":"8/24/2021","ratings":2,"total_bookings":375,"total_revenue":15100},
{"offer_id":"8102735074","offer":"mus etiam vel","category":"openings","offer_date":"11/18/2021","ratings":1,"total_bookings":10,"total_revenue":98972},
{"offer_id":"9028754865","offer":"vehicula consequat morbi","category":"specials","offer_date":"8/9/2021","ratings":5,"total_bookings":27,"total_revenue":548},
{"offer_id":"2735387895","offer":"nulla quisque arcu libero rutrum","category":"specials","offer_date":"7/4/2021","ratings":4,"total_bookings":581,"total_revenue":69783},
{"offer_id":"1148129820","offer":"quis odio consequat varius integer","category":"openings","offer_date":"5/14/2021","ratings":4,"total_bookings":299,"total_revenue":71294},
{"offer_id":"1189049678","offer":"tempor convallis nulla neque libero","category":"openings","offer_date":"7/10/2021","ratings":1,"total_bookings":940,"total_revenue":90281},
{"offer_id":"6166304498","offer":"vestibulum ante ipsum primis","category":"events","offer_date":"3/10/2022","ratings":4,"total_bookings":598,"total_revenue":2051},
{"offer_id":"4318559858","offer":"pharetra magna vestibulum aliquet ultrices","category":"specials","offer_date":"6/8/2021","ratings":4,"total_bookings":317,"total_revenue":54086},
{"offer_id":"8917972527","offer":"vivamus in felis eu sapien","category":"specials","offer_date":"10/10/2021","ratings":3,"total_bookings":525,"total_revenue":93606},
{"offer_id":"0409937355","offer":"proin eu mi nulla","category":"openings","offer_date":"9/1/2021","ratings":4,"total_bookings":801,"total_revenue":70729},
{"offer_id":"0601153545","offer":"odio elementum eu","category":"specials","offer_date":"3/31/2022","ratings":4,"total_bookings":244,"total_revenue":65986},
{"offer_id":"2215833467","offer":"amet lobortis sapien sapien","category":"specials","offer_date":"1/15/2022","ratings":3,"total_bookings":4,"total_revenue":36977},
{"offer_id":"1004778694","offer":"sapien dignissim vestibulum vestibulum","category":"openings","offer_date":"7/4/2021","ratings":1,"total_bookings":107,"total_revenue":12324},
{"offer_id":"8518455405","offer":"ultrices mattis odio donec vitae","category":"events","offer_date":"8/26/2021","ratings":2,"total_bookings":121,"total_revenue":55703},
{"offer_id":"1647279690","offer":"in lectus pellentesque","category":"openings","offer_date":"6/1/2021","ratings":3,"total_bookings":313,"total_revenue":53109},
{"offer_id":"0776388649","offer":"justo nec condimentum","category":"specials","offer_date":"10/12/2021","ratings":2,"total_bookings":254,"total_revenue":21458},
{"offer_id":"4201265676","offer":"nullam varius nulla facilisi cras","category":"specials","offer_date":"9/17/2021","ratings":4,"total_bookings":497,"total_revenue":55657},
{"offer_id":"5615415495","offer":"potenti cras in purus eu","category":"events","offer_date":"10/7/2021","ratings":2,"total_bookings":260,"total_revenue":54868},
{"offer_id":"5094764047","offer":"odio consequat varius integer","category":"openings","offer_date":"4/28/2022","ratings":2,"total_bookings":863,"total_revenue":46491},
{"offer_id":"4014011143","offer":"sit amet sapien dignissim","category":"openings","offer_date":"12/4/2021","ratings":1,"total_bookings":400,"total_revenue":43670},
{"offer_id":"6349790278","offer":"pulvinar sed nisl nunc","category":"specials","offer_date":"7/2/2021","ratings":5,"total_bookings":246,"total_revenue":91978},
{"offer_id":"6926102309","offer":"in faucibus orci luctus","category":"specials","offer_date":"12/26/2021","ratings":5,"total_bookings":50,"total_revenue":5838},
{"offer_id":"0984118519","offer":"morbi non lectus","category":"specials","offer_date":"9/15/2021","ratings":3,"total_bookings":537,"total_revenue":88248},
{"offer_id":"1422114864","offer":"cubilia curae mauris viverra diam","category":"specials","offer_date":"4/26/2022","ratings":3,"total_bookings":83,"total_revenue":29567},
{"offer_id":"4598964839","offer":"fringilla rhoncus mauris","category":"openings","offer_date":"5/26/2021","ratings":1,"total_bookings":737,"total_revenue":83092},
{"offer_id":"5087638589","offer":"velit nec nisi","category":"specials","offer_date":"5/1/2022","ratings":2,"total_bookings":87,"total_revenue":79657},
{"offer_id":"9679698777","offer":"ullamcorper augue a","category":"events","offer_date":"8/27/2021","ratings":5,"total_bookings":847,"total_revenue":75544},
{"offer_id":"2161690981","offer":"non ligula pellentesque ultrices phasellus","category":"openings","offer_date":"9/7/2021","ratings":5,"total_bookings":164,"total_revenue":18989},
{"offer_id":"6030178342","offer":"duis faucibus accumsan odio curabitur","category":"events","offer_date":"8/12/2021","ratings":1,"total_bookings":813,"total_revenue":15644},
{"offer_id":"6652380013","offer":"quam suspendisse potenti nullam","category":"specials","offer_date":"4/2/2022","ratings":3,"total_bookings":510,"total_revenue":76876},
{"offer_id":"7033306903","offer":"dolor sit amet","category":"openings","offer_date":"8/3/2021","ratings":4,"total_bookings":937,"total_revenue":19288},
{"offer_id":"4676525095","offer":"bibendum morbi non","category":"openings","offer_date":"5/30/2021","ratings":1,"total_bookings":318,"total_revenue":86424},
{"offer_id":"9702719747","offer":"blandit nam nulla integer","category":"events","offer_date":"7/24/2021","ratings":4,"total_bookings":816,"total_revenue":57313},
{"offer_id":"3281051987","offer":"ultrices erat tortor","category":"specials","offer_date":"11/29/2021","ratings":4,"total_bookings":762,"total_revenue":97774},
{"offer_id":"7296426845","offer":"eget orci vehicula condimentum","category":"specials","offer_date":"4/18/2022","ratings":2,"total_bookings":814,"total_revenue":66226},
{"offer_id":"7362967705","offer":"justo aliquam quis turpis","category":"specials","offer_date":"1/3/2022","ratings":2,"total_bookings":91,"total_revenue":88580},
{"offer_id":"3532284898","offer":"adipiscing lorem vitae mattis nibh","category":"openings","offer_date":"6/30/2021","ratings":2,"total_bookings":81,"total_revenue":6664},
{"offer_id":"4440990843","offer":"nibh in quis justo","category":"openings","offer_date":"8/31/2021","ratings":4,"total_bookings":209,"total_revenue":66455},
{"offer_id":"9398722321","offer":"in eleifend quam a","category":"specials","offer_date":"4/3/2022","ratings":2,"total_bookings":61,"total_revenue":72412},
{"offer_id":"1171475047","offer":"rutrum ac lobortis vel dapibus","category":"events","offer_date":"9/7/2021","ratings":3,"total_bookings":418,"total_revenue":28543},
{"offer_id":"1712781383","offer":"aliquam convallis nunc proin at","category":"events","offer_date":"11/5/2021","ratings":4,"total_bookings":322,"total_revenue":87449},
{"offer_id":"8865034807","offer":"quis tortor id","category":"openings","offer_date":"2/2/2022","ratings":1,"total_bookings":991,"total_revenue":35411},
{"offer_id":"3211571469","offer":"in hac habitasse platea","category":"specials","offer_date":"4/28/2022","ratings":5,"total_bookings":966,"total_revenue":7263},
{"offer_id":"6708817721","offer":"magna vulputate luctus","category":"openings","offer_date":"9/4/2021","ratings":3,"total_bookings":247,"total_revenue":97808},
{"offer_id":"5899511907","offer":"ut ultrices vel","category":"specials","offer_date":"7/25/2021","ratings":5,"total_bookings":731,"total_revenue":84130},
{"offer_id":"3128161615","offer":"eget eros elementum pellentesque quisque","category":"specials","offer_date":"10/25/2021","ratings":2,"total_bookings":868,"total_revenue":51295},
{"offer_id":"8788753085","offer":"vitae consectetuer eget","category":"specials","offer_date":"4/21/2022","ratings":2,"total_bookings":928,"total_revenue":45046},
{"offer_id":"0211997064","offer":"risus semper porta","category":"openings","offer_date":"3/27/2022","ratings":3,"total_bookings":392,"total_revenue":54195},
{"offer_id":"4413369815","offer":"habitasse platea dictumst","category":"events","offer_date":"6/6/2021","ratings":3,"total_bookings":922,"total_revenue":2354},
{"offer_id":"4343802000","offer":"at turpis a pede posuere","category":"openings","offer_date":"5/17/2021","ratings":4,"total_bookings":930,"total_revenue":73656},
{"offer_id":"6171712302","offer":"magna ac consequat metus sapien","category":"events","offer_date":"3/20/2022","ratings":5,"total_bookings":101,"total_revenue":75334},
{"offer_id":"7490262070","offer":"vivamus metus arcu adipiscing molestie","category":"openings","offer_date":"6/8/2021","ratings":3,"total_bookings":870,"total_revenue":11206},
{"offer_id":"3091353869","offer":"est risus auctor sed tristique","category":"specials","offer_date":"1/30/2022","ratings":2,"total_bookings":476,"total_revenue":94734},
{"offer_id":"3505622206","offer":"aliquet maecenas leo odio condimentum","category":"openings","offer_date":"2/13/2022","ratings":3,"total_bookings":181,"total_revenue":27164},
{"offer_id":"1207973351","offer":"cubilia curae mauris viverra diam","category":"openings","offer_date":"6/24/2021","ratings":3,"total_bookings":857,"total_revenue":5599},
{"offer_id":"8717886910","offer":"eu mi nulla ac","category":"openings","offer_date":"5/8/2021","ratings":4,"total_bookings":691,"total_revenue":34156},
{"offer_id":"9116012666","offer":"risus praesent lectus","category":"events","offer_date":"1/20/2022","ratings":3,"total_bookings":307,"total_revenue":91677},
{"offer_id":"8261516032","offer":"dolor vel est donec","category":"events","offer_date":"12/3/2021","ratings":1,"total_bookings":47,"total_revenue":62970},
{"offer_id":"9019504398","offer":"vel nisl duis ac nibh","category":"events","offer_date":"12/22/2021","ratings":3,"total_bookings":414,"total_revenue":38058},
{"offer_id":"7913347562","offer":"in quis justo","category":"events","offer_date":"5/17/2021","ratings":4,"total_bookings":150,"total_revenue":84178},
{"offer_id":"0071964509","offer":"turpis donec posuere metus","category":"specials","offer_date":"5/10/2021","ratings":5,"total_bookings":934,"total_revenue":72450},
{"offer_id":"6106742235","offer":"pellentesque volutpat dui","category":"specials","offer_date":"8/8/2021","ratings":5,"total_bookings":873,"total_revenue":4437},
{"offer_id":"6049309299","offer":"rhoncus dui vel sem","category":"events","offer_date":"4/27/2022","ratings":1,"total_bookings":621,"total_revenue":65286},
{"offer_id":"3128446601","offer":"interdum venenatis turpis","category":"openings","offer_date":"3/3/2022","ratings":2,"total_bookings":550,"total_revenue":38991},
{"offer_id":"5984997800","offer":"donec ut dolor morbi vel","category":"openings","offer_date":"11/11/2021","ratings":2,"total_bookings":757,"total_revenue":84255},
{"offer_id":"4518358104","offer":"id luctus nec molestie","category":"events","offer_date":"9/1/2021","ratings":2,"total_bookings":817,"total_revenue":27798},
{"offer_id":"1923857630","offer":"vestibulum ante ipsum","category":"events","offer_date":"11/7/2021","ratings":2,"total_bookings":305,"total_revenue":86579},
{"offer_id":"2841397769","offer":"ultricies eu nibh quisque id","category":"events","offer_date":"3/3/2022","ratings":1,"total_bookings":388,"total_revenue":44920},
{"offer_id":"2779445386","offer":"pulvinar sed nisl nunc rhoncus","category":"events","offer_date":"7/2/2021","ratings":4,"total_bookings":807,"total_revenue":93739},
{"offer_id":"0626063809","offer":"volutpat dui maecenas tristique","category":"specials","offer_date":"10/6/2021","ratings":3,"total_bookings":542,"total_revenue":8043},
{"offer_id":"0570031869","offer":"blandit ultrices enim","category":"openings","offer_date":"6/22/2021","ratings":2,"total_bookings":995,"total_revenue":13699},
{"offer_id":"0664375251","offer":"justo pellentesque viverra pede ac","category":"events","offer_date":"10/22/2021","ratings":4,"total_bookings":474,"total_revenue":22611},
{"offer_id":"0627990096","offer":"consequat ut nulla","category":"openings","offer_date":"3/1/2022","ratings":5,"total_bookings":151,"total_revenue":33933},
{"offer_id":"6274876669","offer":"velit eu est congue elementum","category":"specials","offer_date":"11/23/2021","ratings":2,"total_bookings":925,"total_revenue":86062},
{"offer_id":"1304260070","offer":"id luctus nec molestie sed","category":"openings","offer_date":"4/21/2022","ratings":4,"total_bookings":252,"total_revenue":16915},
{"offer_id":"4323489218","offer":"luctus nec molestie","category":"openings","offer_date":"7/31/2021","ratings":5,"total_bookings":762,"total_revenue":96784},
{"offer_id":"4145812514","offer":"nec nisi vulputate","category":"specials","offer_date":"5/5/2021","ratings":1,"total_bookings":93,"total_revenue":3174},
{"offer_id":"1132362482","offer":"vel dapibus at","category":"openings","offer_date":"2/16/2022","ratings":2,"total_bookings":231,"total_revenue":2399},
{"offer_id":"7435776726","offer":"vulputate justo in blandit","category":"specials","offer_date":"9/25/2021","ratings":4,"total_bookings":664,"total_revenue":79436},
{"offer_id":"6087883398","offer":"ullamcorper augue a suscipit","category":"openings","offer_date":"6/18/2021","ratings":2,"total_bookings":121,"total_revenue":30847},
{"offer_id":"8806111051","offer":"non mattis pulvinar nulla","category":"events","offer_date":"3/9/2022","ratings":5,"total_bookings":803,"total_revenue":97245},
{"offer_id":"4353540645","offer":"volutpat in congue","category":"specials","offer_date":"9/30/2021","ratings":2,"total_bookings":239,"total_revenue":42306},
{"offer_id":"0336997566","offer":"curae donec pharetra","category":"events","offer_date":"6/5/2021","ratings":5,"total_bookings":84,"total_revenue":67116},
{"offer_id":"2691576590","offer":"curae duis faucibus","category":"specials","offer_date":"6/17/2021","ratings":5,"total_bookings":256,"total_revenue":755},
{"offer_id":"2992236543","offer":"vehicula condimentum curabitur","category":"events","offer_date":"12/26/2021","ratings":2,"total_bookings":276,"total_revenue":50558},
{"offer_id":"8719185332","offer":"lacus curabitur at ipsum ac","category":"openings","offer_date":"9/13/2021","ratings":3,"total_bookings":398,"total_revenue":87973},
{"offer_id":"1509740643","offer":"maecenas ut massa","category":"events","offer_date":"10/27/2021","ratings":2,"total_bookings":395,"total_revenue":80494},
{"offer_id":"0754408000","offer":"justo maecenas rhoncus aliquam lacus","category":"events","offer_date":"5/9/2021","ratings":4,"total_bookings":66,"total_revenue":6533},
{"offer_id":"9988413130","offer":"amet erat nulla","category":"openings","offer_date":"10/21/2021","ratings":3,"total_bookings":910,"total_revenue":44830},
{"offer_id":"3675739708","offer":"ligula vehicula consequat","category":"specials","offer_date":"8/13/2021","ratings":1,"total_bookings":978,"total_revenue":47938},
{"offer_id":"1221108220","offer":"metus arcu adipiscing molestie","category":"openings","offer_date":"3/20/2022","ratings":4,"total_bookings":530,"total_revenue":85233},
{"offer_id":"5236781817","offer":"aenean fermentum donec ut","category":"events","offer_date":"7/6/2021","ratings":5,"total_bookings":184,"total_revenue":54231},
{"offer_id":"1504900588","offer":"nibh in hac habitasse platea","category":"specials","offer_date":"6/20/2021","ratings":5,"total_bookings":462,"total_revenue":45172},
{"offer_id":"2539144381","offer":"lacus purus aliquet","category":"specials","offer_date":"2/11/2022","ratings":3,"total_bookings":294,"total_revenue":4753},
{"offer_id":"3900918090","offer":"neque aenean auctor gravida","category":"events","offer_date":"5/11/2021","ratings":3,"total_bookings":122,"total_revenue":52675},
{"offer_id":"2129732763","offer":"nibh in lectus pellentesque","category":"openings","offer_date":"6/19/2021","ratings":1,"total_bookings":882,"total_revenue":18696},
{"offer_id":"8366237877","offer":"ligula pellentesque ultrices phasellus","category":"openings","offer_date":"7/22/2021","ratings":4,"total_bookings":218,"total_revenue":95944},
{"offer_id":"2396040677","offer":"eget massa tempor convallis nulla","category":"events","offer_date":"8/18/2021","ratings":4,"total_bookings":281,"total_revenue":18688},
{"offer_id":"6364021654","offer":"nunc proin at turpis a","category":"events","offer_date":"9/20/2021","ratings":2,"total_bookings":730,"total_revenue":49017},
{"offer_id":"5463233365","offer":"neque duis bibendum morbi non","category":"openings","offer_date":"8/17/2021","ratings":5,"total_bookings":569,"total_revenue":87058},
{"offer_id":"1056216514","offer":"sit amet nunc viverra","category":"openings","offer_date":"5/23/2021","ratings":2,"total_bookings":468,"total_revenue":61056},
{"offer_id":"4363470143","offer":"at feugiat non pretium quis","category":"events","offer_date":"12/6/2021","ratings":4,"total_bookings":256,"total_revenue":46628},
{"offer_id":"2039641505","offer":"lectus pellentesque at","category":"openings","offer_date":"4/22/2022","ratings":5,"total_bookings":209,"total_revenue":66526},
{"offer_id":"1588443965","offer":"nulla quisque arcu libero","category":"events","offer_date":"7/31/2021","ratings":4,"total_bookings":619,"total_revenue":33734},
{"offer_id":"5994221783","offer":"primis in faucibus orci luctus","category":"events","offer_date":"6/12/2021","ratings":1,"total_bookings":918,"total_revenue":38186},
{"offer_id":"2372376411","offer":"amet lobortis sapien","category":"specials","offer_date":"5/6/2021","ratings":3,"total_bookings":726,"total_revenue":9904},
{"offer_id":"5289460314","offer":"aliquam augue quam sollicitudin vitae","category":"openings","offer_date":"10/7/2021","ratings":2,"total_bookings":129,"total_revenue":84695},
{"offer_id":"2508628301","offer":"sollicitudin vitae consectetuer eget","category":"openings","offer_date":"12/10/2021","ratings":5,"total_bookings":804,"total_revenue":28373},
{"offer_id":"7076164906","offer":"parturient montes nascetur ridiculus","category":"specials","offer_date":"8/12/2021","ratings":5,"total_bookings":900,"total_revenue":54319},
{"offer_id":"3705970364","offer":"in eleifend quam","category":"events","offer_date":"11/15/2021","ratings":1,"total_bookings":740,"total_revenue":58990},
{"offer_id":"7392734482","offer":"vestibulum rutrum rutrum neque","category":"openings","offer_date":"1/31/2022","ratings":1,"total_bookings":488,"total_revenue":64540},
{"offer_id":"3428506545","offer":"nibh in lectus pellentesque at","category":"events","offer_date":"10/2/2021","ratings":3,"total_bookings":605,"total_revenue":64937},
{"offer_id":"3726544828","offer":"duis consequat dui nec nisi","category":"openings","offer_date":"5/18/2021","ratings":1,"total_bookings":695,"total_revenue":11421},
{"offer_id":"0988828472","offer":"metus sapien ut","category":"openings","offer_date":"11/9/2021","ratings":5,"total_bookings":172,"total_revenue":42237},
{"offer_id":"0098526677","offer":"praesent id massa","category":"specials","offer_date":"4/14/2022","ratings":3,"total_bookings":70,"total_revenue":4412},
{"offer_id":"6993409747","offer":"eget eleifend luctus ultricies","category":"specials","offer_date":"3/28/2022","ratings":5,"total_bookings":777,"total_revenue":662},
{"offer_id":"2359434233","offer":"metus arcu adipiscing molestie","category":"specials","offer_date":"1/18/2022","ratings":3,"total_bookings":778,"total_revenue":92658},
{"offer_id":"8317310205","offer":"dolor sit amet consectetuer","category":"specials","offer_date":"7/17/2021","ratings":5,"total_bookings":350,"total_revenue":98889},
{"offer_id":"4975353393","offer":"sagittis dui vel nisl","category":"events","offer_date":"3/2/2022","ratings":4,"total_bookings":90,"total_revenue":19662},
{"offer_id":"7259783680","offer":"quam fringilla rhoncus mauris","category":"events","offer_date":"8/29/2021","ratings":5,"total_bookings":360,"total_revenue":88467},
{"offer_id":"3857474262","offer":"ligula in lacus curabitur","category":"events","offer_date":"8/9/2021","ratings":1,"total_bookings":839,"total_revenue":6800},
{"offer_id":"3484274344","offer":"sociis natoque penatibus et magnis","category":"openings","offer_date":"2/14/2022","ratings":1,"total_bookings":984,"total_revenue":78834},
{"offer_id":"2652144693","offer":"viverra diam vitae","category":"events","offer_date":"4/26/2022","ratings":4,"total_bookings":505,"total_revenue":18774},
{"offer_id":"2977052348","offer":"hac habitasse platea","category":"events","offer_date":"7/16/2021","ratings":5,"total_bookings":54,"total_revenue":67831},
{"offer_id":"0204672716","offer":"mauris eget massa tempor","category":"openings","offer_date":"2/14/2022","ratings":1,"total_bookings":937,"total_revenue":15322},
{"offer_id":"4904321359","offer":"cubilia curae nulla dapibus dolor","category":"specials","offer_date":"9/20/2021","ratings":1,"total_bookings":750,"total_revenue":99245},
{"offer_id":"7970618944","offer":"turpis enim blandit mi in","category":"specials","offer_date":"7/18/2021","ratings":2,"total_bookings":866,"total_revenue":56961},
{"offer_id":"3593984504","offer":"integer tincidunt ante vel ipsum","category":"specials","offer_date":"6/25/2021","ratings":3,"total_bookings":994,"total_revenue":1392},
{"offer_id":"1332146031","offer":"orci luctus et ultrices","category":"specials","offer_date":"6/11/2021","ratings":5,"total_bookings":215,"total_revenue":25184},
{"offer_id":"7590384674","offer":"sit amet eleifend","category":"specials","offer_date":"6/15/2021","ratings":1,"total_bookings":210,"total_revenue":67229},
{"offer_id":"4914528835","offer":"molestie lorem quisque ut","category":"openings","offer_date":"7/29/2021","ratings":1,"total_bookings":780,"total_revenue":76429},
{"offer_id":"5118484170","offer":"vel sem sed","category":"openings","offer_date":"12/19/2021","ratings":4,"total_bookings":147,"total_revenue":59714},
{"offer_id":"0541183699","offer":"fusce lacus purus aliquet at","category":"openings","offer_date":"4/25/2022","ratings":2,"total_bookings":95,"total_revenue":61441},
{"offer_id":"6553925119","offer":"lectus in est risus","category":"events","offer_date":"9/12/2021","ratings":5,"total_bookings":252,"total_revenue":38121},
{"offer_id":"9921119346","offer":"enim blandit mi in porttitor","category":"events","offer_date":"1/24/2022","ratings":3,"total_bookings":829,"total_revenue":54712},
{"offer_id":"1364932806","offer":"cursus urna ut tellus nulla","category":"events","offer_date":"11/10/2021","ratings":2,"total_bookings":11,"total_revenue":96870},
{"offer_id":"5988133983","offer":"maecenas rhoncus aliquam lacus","category":"specials","offer_date":"5/21/2021","ratings":1,"total_bookings":352,"total_revenue":97722},
{"offer_id":"7676867916","offer":"luctus et ultrices posuere","category":"specials","offer_date":"3/16/2022","ratings":3,"total_bookings":667,"total_revenue":23922},
{"offer_id":"7406446810","offer":"ultrices libero non mattis pulvinar","category":"openings","offer_date":"1/4/2022","ratings":3,"total_bookings":35,"total_revenue":18435},
{"offer_id":"1130517071","offer":"at nunc commodo placerat praesent","category":"events","offer_date":"5/24/2021","ratings":5,"total_bookings":342,"total_revenue":23134},
{"offer_id":"3293883907","offer":"purus sit amet","category":"events","offer_date":"8/19/2021","ratings":1,"total_bookings":821,"total_revenue":77619},
{"offer_id":"6532367060","offer":"curae donec pharetra magna","category":"events","offer_date":"5/19/2021","ratings":5,"total_bookings":439,"total_revenue":45451},
{"offer_id":"8960186864","offer":"adipiscing lorem vitae mattis nibh","category":"openings","offer_date":"10/15/2021","ratings":3,"total_bookings":815,"total_revenue":61142},
{"offer_id":"6609168253","offer":"adipiscing molestie hendrerit at vulputate","category":"openings","offer_date":"8/25/2021","ratings":4,"total_bookings":438,"total_revenue":94858},
{"offer_id":"5352270386","offer":"amet consectetuer adipiscing","category":"events","offer_date":"7/23/2021","ratings":2,"total_bookings":851,"total_revenue":52399},
{"offer_id":"7482448438","offer":"imperdiet et commodo vulputate justo","category":"events","offer_date":"1/22/2022","ratings":1,"total_bookings":46,"total_revenue":26355},
{"offer_id":"4518984048","offer":"nulla nunc purus","category":"events","offer_date":"5/15/2021","ratings":2,"total_bookings":863,"total_revenue":33609},
{"offer_id":"8073207753","offer":"in lacus curabitur","category":"events","offer_date":"5/14/2021","ratings":1,"total_bookings":975,"total_revenue":76528},
{"offer_id":"5557110135","offer":"luctus rutrum nulla tellus","category":"events","offer_date":"4/11/2022","ratings":2,"total_bookings":721,"total_revenue":49857},
{"offer_id":"5314927837","offer":"fusce consequat nulla nisl nunc","category":"openings","offer_date":"10/10/2021","ratings":4,"total_bookings":32,"total_revenue":89535},
{"offer_id":"8706377548","offer":"luctus et ultrices posuere","category":"openings","offer_date":"4/21/2022","ratings":5,"total_bookings":544,"total_revenue":49474},
{"offer_id":"0651031303","offer":"nulla ultrices aliquet maecenas leo","category":"openings","offer_date":"1/19/2022","ratings":2,"total_bookings":960,"total_revenue":89523},
{"offer_id":"3026603376","offer":"felis eu sapien cursus","category":"specials","offer_date":"4/16/2022","ratings":1,"total_bookings":877,"total_revenue":54018},
{"offer_id":"3142648925","offer":"vulputate nonummy maecenas","category":"openings","offer_date":"2/13/2022","ratings":2,"total_bookings":947,"total_revenue":8688},
{"offer_id":"0240200896","offer":"risus semper porta volutpat quam","category":"specials","offer_date":"8/19/2021","ratings":1,"total_bookings":341,"total_revenue":92979},
{"offer_id":"1167831470","offer":"mi nulla ac enim in","category":"specials","offer_date":"5/31/2021","ratings":1,"total_bookings":402,"total_revenue":70832},
{"offer_id":"7110478483","offer":"hac habitasse platea dictumst morbi","category":"specials","offer_date":"11/27/2021","ratings":1,"total_bookings":690,"total_revenue":15875},
{"offer_id":"1766648398","offer":"quam sapien varius ut","category":"openings","offer_date":"11/23/2021","ratings":4,"total_bookings":463,"total_revenue":41854},
{"offer_id":"0731634144","offer":"consequat dui nec nisi volutpat","category":"events","offer_date":"1/19/2022","ratings":1,"total_bookings":884,"total_revenue":78294}]